3380 5404
749 586 767 644 9

210 773 270 816 nus
302 772 374 816 voro
408 751 467 816 sub
500 770 575 814 voro
596 749 718 814 Azotos
750 747 816 811 haeo
838 746 947 812 lilibet:
970 743 1082 835 roim-o
1103 742 1230 812 ἔκτισαν
1251 733 1298 825 εἷς
1402 757 1405 768 “

210 846 536 916 easaetenatone
558 841 616 912 ἀπ’
639 845 778 933 ἐρυθρᾶς
801 843 965 934 θαλάσσης
985 845 1298 933 poyadroalustiuus

211 955 251 1016 ‹le
272 973 380 1029 causa,
404 972 460 1016 our
481 951 571 1018 sedes
591 950 743 1034 pristinas
763 948 957 1031 reliquerint,
972 949 1038 1016 haec
1052 949 1210 1016 memoria
1225 971 1298 1033 pro·

211 1052 309 1117 didit:
343 1051 450 1116 ”terra
482 1060 572 1116 motu
603 1052 717 1132 vexati,
751 1051 861 1116 relicto
882 1049 994 1134 patriae
1025 1050 1102 1123 solo,
1133 1052 1298 1136 Assyrium

211 1159 361 1234 stagnum
391 1151 503 1235 primo,
537 1172 610 1216 mox
643 1151 722 1216 mari
755 1150 933 1233 proximum
966 1150 1040 1217 litus
1066 1149 1298 1231 incoluerunt”;

212 1253 325 1318 omitto
347 1253 588 1336 etymologicum
611 1271 770 1334 magnum,
794 1249 957 1331 Asianum,
978 1251 1067 1318 alios.
1111 1252 1203 1331 Quod
1226 1251 1320 1318 oero‘

212 1364 324 1419 eontra
345 1352 490 1436 disputat
512 1351 694 1430 Moversiun
717 1351 971 1418 arnimadvertens
992 1351 1024 1416 in
1045 1353 1185 1436 antiquis
1206 1352 1298 1418 fabu-

212 1453 252 1520 lis
274 1451 352 1518 nihil
375 1452 507 1517 ioveniri
531 1453 570 1518 do
592 1452 781 1534 migratione
803 1453 857 1515 sed
881 1451 1012 1519 heroum
1034 1453 1224 1521 acdeorum
1240 1473 1298 1518 no·

213 1555 300 1620 mina
321 1574 393 1618 cum
414 1554 492 1620 locis
513 1550 749 1617 Chanaanitieis
765 1551 858 1634 iungi
873 1553 1075 1636 accopulata
1090 1562 1196 1620 ootera
1211 1552 1298 1620 Gra·

213 1676 323 1720 eorum
346 1653 530 1722 commentis
552 1653 703 1731 tribuens,
720 1689 756 1700 κ
772 1649 934 1718 Herodoto
955 1665 1066 1738 nempe
1088 1655 1129 1720 do
1149 1654 1198 1720 sui
1219 1660 1298 1718 tem-

213 1758 299 1840 poris
330 1778 369 1824 ao
396 1754 506 1839 populi
527 1753 623 1818 rebus
644 1754 766 1819 auctori
789 1753 972 1822 fidelissimo
994 1777 1055 1821 non
1078 1775 1148 1821 esse
1169 1755 1298 1822 creden-

213 1857 290 1922 dum
312 1855 455 1922 narranti
477 1856 517 1920 de
537 1853 769 1936 antiquioribus
790 1859 849 1922 aut
862 1855 1011 1936 externis,
1035 1894 1073 1906 ·-
1096 1855 1247 1939 respiciat
1260 1855 1299 1922 li·

214 1957 343 2024 brorum
376 1976 538 2022 sacrorum
571 1955 760 2036 fragmenta,
794 1975 864 2038 qnae
896 1966 969 2038 post
990 1957 1300 2024 Sanohuuiathonem

217 2058 410 2124 Philonicum
431 2057 611 2124 attulerunt
633 2057 749 2139 Lydus,
773 2055 918 2120 Clemens
939 2056 1185 2138 Alexandrinus,
1202 2057 1300 2122 Euse-

215 2162 295 2241 bius,
327 2160 396 2239 alii3
432 2181 487 2225 nus
509 2178 582 2224 vero
604 2157 766 2236 Herodoto
787 2159 911 2222 auctori
933 2179 1040 2224 rerum
1061 2157 1246 2242 grauissimo
1269 2170 1303 2223 et

200 2261 254 2342 ,de
274 2262 335 2326 hae
356 2261 426 2343 ipsa
448 2280 483 2324 re
505 2278 561 2342 per
582 2258 723 2322 homines
745 2259 863 2340 peritos
885 2277 902 2320 e
925 2258 1030 2324 Persis
1046 2281 1090 2326 ae
1104 2260 1302 2344 perPhoeni.·
1376 2323 1378 2328 .

216 2367 300 2429 nioes
331 2365 417 2447 ipsos
449 2358 615 2444 (Περσέων
646 2355 676 2423 oi
703 2355 813 2443 λόγιοι,
836 2353 881 2435 ὡς
902 2355 991 2425 aioni
1013 2358 1168 2448 λέγουσιν)
1190 2362 1303 2426 edunto

216 2467 322 2548 potius
354 2464 449 2528 fidem
482 2461 655 2527 habeamus
682 2481 776 2544 quam
801 2461 889 2526 uariis
910 2459 1073 2528 hominum
1093 2462 1303 2546 opinionibus,

218 2588 298 2648 quas
330 2567 361 2630 iu
396 2562 558 2628 Phoenicia
589 2562 747 2626 exstitisse
770 2573 870 2644 neque
893 2567 929 2626 ut
949 2563 1051 2628 multa
1071 2561 1136 2628 alia
1157 2586 1175 2628 e
1197 2562 1306 2628 vicinis

220 2667 343 2750 populis
365 2676 544 2746 assumptas
572 2681 649 2738 esse,
670 2663 741 2745 quis
762 2683 820 2745 pro
842 2670 929 2726 nerto
952 2661 1108 2728 affirmet?
1129 2664 1305 2756 praesertim

219 2787 318 2849 quum
350 2765 552 2830 intervallum
582 2765 653 2848 plus
674 2765 718 2829 lV
741 2765 929 2830 saeculorum
950 2767 1033 2830 inter
1055 2765 1249 2831 Herodotum
1274 2777 1305 2830 at

220 2867 385 2932 Philonem
416 2867 602 2932 intercedat.
645 2866 729 2944 Quid
755 2888 851 2950 porro
873 2868 913 2933 de
935 2865 1063 2943 Granis,
1085 2868 1160 2952 quid
1181 2867 1222 2934 de
1243 2868 1305 2932 Ro-

220 2969 321 3032 manis
338 2966 563 3050 cogitandum?
574 2987 708 3050 quorum
720 2968 910 3051 populorum
924 2974 1054 3051 uterque
1066 2989 1099 3034 se
1112 2990 1200 3035 suam
1218 2971 1305 3052 quis-

218 3087 279 3152 que
302 3073 421 3133 ternam
443 3087 565 3150 semper
579 3068 772 3134 habitavisse
782 3069 1013 3146 arbitrabatur,
1024 3091 1121 3152 quum
1135 3071 1195 3139 hae
1210 3077 1306 3135 atate

219 3171 384 3235 doctinam
418 3169 555 3234 virorum
583 3191 738 3234 consensu
760 3169 999 3253 comprobatum
1023 3171 1174 3249 videmus,
1196 3168 1307 3234 ambos

220 3272 352 3354 populos
373 3291 412 3332 ex
433 3271 583 3332 interiore
605 3261 686 3333 nsiae
709 3280 799 3352 parte
820 3271 851 3332 in
875 3269 1035 3353 Europam
1057 3270 1253 3352 immigrasse
1269 3291 1307 3334 ac

220 3393 290 3435 oum
313 3371 458 3435 Bactriis.
481 3370 577 3451 India,
600 3371 713 3451 Persis,
736 3370 842 3454 quiin
867 3392 997 3436 numero
1020 3371 1229 3437 barbarorum
1244 3394 1302 3456 po-

222 3483 381 3550 nerentur,
403 3491 599 3536 communem
622 3471 738 3536 habere
759 3471 923 3553 originem.
968 3471 1130 3538 Phoenices
1147 3493 1229 3554 vero,
1244 3475 1308 3537 sive

221 3581 314 3638 terrae
337 3569 494 3648 motibus,¹
515 3573 580 3638 sive
601 3573 665 3638 alia
686 3572 726 3638 de
748 3594 853 3647 causa,
875 3592 914 3636 ex
936 3573 1063 3639 sedibus
1084 3575 1148 3646 suis
1170 3575 1304 3658 depulsi,

221 3694 317 3755 quum
340 3676 424 3740 inter
446 3673 582 3738 Semitas
603 3673 748 3740 hahitare
769 3676 948 3756 acepissent,
977 3697 1048 3738 rum
1070 3675 1117 3748 iis,
1141 3680 1176 3740 ut
1197 3685 1309 3758 postca

223 3778 255 3840 in
279 3774 411 3854 Graecia,
434 3775 552 3853 Sicilia,
575 3777 728 3860 Hispania
749 3777 866 3842 factum
891 3795 958 3840 esse
981 3775 1237 3840 vidomunfacile
1258 3795 1307 3840 co-

221 4033 327 4094 fecisse
349 4025 470 4111 ἐρυθρᾶ
491 4032 595 4092 deinde
616 4034 701 4110 longe
721 4033 856 4094 vitiosius
877 4033 992 4093 nomine
1012 4031 1156 4090 translato
1168 4032 1311 4092 Romanos

222 4117 418 4194 appellavisse
450 4113 547 4178 Mare
576 4115 717 4180 rubram.
771 4120 814 4176 Ao
846 4122 954 4195 praeter
985 4117 1042 4176 alia
1061 4116 1178 4186 uomina
1198 4115 1309 4175 Arabes

226 4203 334 4260 habent
355 4200 432 4258 Buhr
454 4202 481 4260 sl
503 4201 577 4262 Fare
598 4229 639 4254 c:
662 4223 740 4262 mare
762 4203 908 4261 Persicum
924 4199 1052 4273 (Orr'ertt
1074 4198 1140 4264 arrd
1164 4197 1310 4263 Occiderat

225 4287 379 4362 herausgg.
403 4307 429 4342 v.
453 4286 560 4360 ssensey
581 4288 625 4346 ΙΙΙ
647 4288 748 4363 Jahrg.
771 4286 790 4365 i
812 4288 862 4346 hei
876 4295 906 4356 .).
