3380 5404
802 569 820 629 5

266 749 338 798 raro
372 738 502 817 propter
524 731 701 798 ubmtetem
724 732 839 816 lingum
860 738 893 799 et
913 730 1087 800 formarum
1108 733 1293 806 caucanam
1316 740 1349 801 ot

265 833 419 900 sermonis
449 832 550 918 ipsius
570 832 786 923 dirersitatem
807 832 1059 900 accuratioribus
1079 831 1164 900 notis
1184 833 1347 902 literarum

264 951 345 1018 opus
376 938 467 1013 esset,
497 934 669 1018 assumptis
684 971 686 977 ·
700 951 810 998 eorum
830 932 930 999 literis
951 933 993 999 ed
1014 934 1062 1000 sai
1084 934 1237 1000 sermonis
1257 953 1348 1018 usum

264 1031 502 1100 coulormarunt
536 1041 634 1118 atque
672 1032 859 1100 effinxerunt
872 1037 908 1112 ⁸).
962 1032 1111 1100 Indicant
1140 1032 1350 1119 autiqussima

265 1134 416 1201 ludorum
449 1136 689 1220 epigrammata,
716 1134 749 1200 in
771 1135 887 1218 quibus
907 1140 941 1200 et
961 1135 1063 1202 licere
1084 1134 1287 1220 simplicitate
1305 1136 1349 1204 ud

265 1235 447 1302 Pboeuicum
478 1237 609 1322 propius
639 1237 795 1303 accedunt
826 1243 860 1302 et
879 1235 1050 1322 scriptura,
1072 1243 1109 1305 ιιι
1128 1236 1167 1306 fit
1186 1237 1274 1323 apud
1294 1236 1347 1304 Se·

264 1339 367 1414 mites,
389 1336 576 1422 plerumque
596 1359 617 1403 a
638 1337 769 1402 dextera
790 1343 883 1421 parte
902 1338 1072 1406 inchoatur
1084 1342 1123 1418 ⁸).
1165 1337 1276 1423 Neque
1296 1345 1347 1430 ,ta-

263 1455 345 1511 meo,
366 1438 393 1502 si
414 1437 578 1526 literarum
600 1439 731 1512 luerunt
752 1440 941 1520 inventores,
963 1439 1098 1506 multum
1120 1438 1348 1526 iubterispro·

262 1541 414 1618 fecerum,
446 1559 485 1605 ac
515 1539 545 1605 si
576 1537 651 1623 quid
683 1537 851 1604 scribendo
877 1537 1041 1608 illustrare
1060 1540 1169 1608 conati
1189 1545 1274 1620 sunt.
1294 1563 1350 1612 eas

262 1641 400 1705 maximo
420 1644 506 1705 artes
528 1642 628 1705 secuti
651 1641 736 1718 aunt,
759 1658 829 1723 quac
851 1640 894 1706 ad
915 1660 991 1706 usus
1011 1642 1085 1708 vite
1101 1641 1350 1727 supmditandos

262 1741 493 1825 pertinuerunt.
538 1739 685 1804 Decrevit
715 1741 875 1823 quondam
909 1747 1039 1808 senatus
1064 1741 1291 1826 Romanorum,
1312 1751 1350 1812 ut

227 1891 230 1898 -
261 1841 345 1922 libri,
377 1861 457 1924 quos
491 1839 586 1922 Mago
617 1840 746 1923 quidam
783 1839 1043 1925 carthaginensis
1077 1842 1118 1908 de
1152 1843 1350 1926 agricultura

263 1941 435 2026 scripserat
466 1940 603 2007 XXVIII
631 1960 770 2018 numero,
792 1943 826 2006 in
847 1960 1023 2008 sermonem
1044 1943 1259 2012 Romanorum
1279 1967 1349 2014 ror·

159 2073 161 2080 ⁴
262 2046 407 2110 terentum
420 2047 448 2120 ¹)
468 2043 626 2125 iidemque
645 2041 718 2110 libri
740 2062 761 2107 a
781 2039 957 2110 Columella
976 2043 1115 2110 maxime
1129 2043 1348 2125 armatura,

263 2143 384 2210 Ceterae
400 2163 474 2210 vero
495 2148 591 2224 artes,
615 2147 651 2208 ut
671 2141 879 2228 philosophie,
901 2147 939 2210 ιιι
960 2143 1149 2228 eloquentia,
1166 2145 1348 2232 jacueruut.

264 2241 425 2312 Hannibal
448 2245 524 2327 ipsc,
545 2241 643 2314 nobili
665 2249 755 2332 ortus
776 2241 900 2310 familia
920 2249 1017 2328 etque
1037 2244 1151 2329 patria
1170 2248 1349 2314 amantissi-

266 2364 346 2422 mus,
379 2344 623 2409 commentarios
654 2342 694 2408 de
718 2343 786 2409 sita
806 2349 904 2426 atque
922 2342 1014 2410 belbe
1034 2343 1100 2410 suis
1120 2342 1231 2412 Gracc
1250 2346 1348 2432 scrip·

352 2547 381 2621 ⁸)
401 2497 477 2605 lDer
497 2547 667 2624 ungemeiue
692 2545 942 2606 Vocalreichthum
954 2547 1035 2608 ihrer
1047 2545 1211 2608 herrliobon
1221 2549 1350 2630 Spraabe

266 2631 334 2702 (der
354 2629 457 2704 luder)
478 2651 579 2708 awang
600 2633 641 2692 sis
662 2631 723 2690 sich
744 2631 826 2690 nicht
846 2630 901 2691 urit
921 2631 1156 2710 derarmssligen
1166 2633 1350 2698 semitisohen

266 2715 576 2776 Consonsuteuscbrilt
595 2715 638 2774 als
659 2714 771 2775 solobsr
790 2735 828 2774 au
849 2715 1013 2794 bagniigem
1030 2715 1180 2778 siowarem
1191 2715 1348 2782 mitNoth·

266 2797 443 2876 wendiglreit
465 2799 539 2860 decu
559 2799 710 2878 gelriaben
732 2799 792 2859 sich
813 2798 878 2859 hier
898 2800 982 2860 einen
993 2800 1070 2878 Wog
1084 2801 1245 2868 uubahmem
1275 2799 1347 2868 We·
1427 2865 1431 2872 ,

266 2882 329 2947 bar.
359 2882 542 2952 (Zeitschrilt
576 2885 630 2944 dar
665 2883 829 2944 Dautschen
867 2883 1068 2962 Morgenlend
1096 2885 1287 2950 Geeelleobait
1319 2888 1348 2948 X

266 2990 295 3049 P·
318 2966 425 3126 ‘miil-
451 3073 477 3113 c.
508 3073 538 3132 p.
570 3054 632 3116 389
663 3072 744 3130 seqq.
771 3051 882 3125 (Uebsr
902 3052 962 3112 dea
980 3053 1169 3115 Semitiscbeu
1190 3019 1347 3196 Urspruug

130 3211 132 3216 ι
266 3137 317 3198 des
338 3135 492 3197 ludisohen
512 3137 698 3216 Alpbabelsl.

352 3237 380 3310 ⁶)
401 3236 478 3297 Plin.
509 3237 548 3298 Η.
579 3236 616 3296 N.
646 3237 758 3296 XVIH:
791 3235 842 3298 22.
885 3236 928 3296 De
959 3237 1075 3298 cultum
1104 3236 1170 3315 agri
1190 3190 1350 3318 precipere

267 3320 427 3464 ρήιέἑρὲιο
447 3320 505 3380 snit
525 3321 611 3380 etiam
632 3321 712 3398 apud
731 3324 919 3465 exteros3d—
939 3320 1130 3463 siquidsniot
1142 3339 1227 3398 reges
1243 3323 1346 3398 iecere,

267 3439 367 3550 ιιιιοι
399 3405 711 3566 ιζιιῗιειιθῐὲῒιῐιιιιξῗιῗιὲ
723 3405 1349 3566 cccliiiaquuirtmilluuid]tiengesliin(uiridiario'iiiiii⁸

266 3573 382 3634 othecas
413 3572 588 3651 donavisset
616 3574 702 3634 ninius
723 3576 787 3650 ejus
808 3571 1027 3650 duodetriginta
1048 3573 1196 3634 volumius
1216 3582 1348 3635 censerat
1371 3608 1372 3613 ι

265 3657 296 3716 in
317 3643 451 3719 Latinam
472 3620 639 3734 linguarirt
626 3658 836 3735 transferenda,
859 3676 950 3742 quum
968 3659 1026 3734 jam
1047 3655 1090 3718 Μ.
1110 3657 1183 3719 (lato
1202 3666 1350 3742 precepta

266 3742 442 3802 condidisset
463 3749 516 3815 (sc.
537 3741 574 3802 de
595 3762 628 3802 ro
648 3741 780 3816 rustica),
793 3737 954 3838 peritisque
974 3741 1081 3819 Iinguae
1096 3741 1211 3804 Punica
1221 3743 1348 3803 dandum

267 3827 425 3902 negotium,
461 3825 491 3886 in
524 3845 582 3902 quo
609 3826 757 3905 praecessit
778 3829 824 3887 ιιι
844 3825 1008 3886 clarissimae
1029 3825 1201 3891 semiliaeD
1223 3827 1348 3888 Silanus

352 3925 380 3998 ⁸)
401 3925 560 3986 Columella
583 3925 619 3986 da
639 3946 672 3984 re
693 3925 802 3986 rustica
823 3927 850 3985 I:
872 3945 897 3984 ι.
920 3923 974 4002 13,
981 3928 1018 3986 cf.
1039 3924 1097 3985 cie.
1118 3925 1148 3987 d.
1169 3927 1220 3988 Or.
1241 3927 1270 3992 l:
1294 3927 1347 3989 58.

267 4007 329 4072 249
350 4009 425 4068 Num
448 4011 504 4088 igit
505 4031 550 4086 ur,
571 4010 596 4069 si
618 4012 669 4088 qui
690 4011 797 4070 landus
819 4009 1023 4088 inspiciendus,
1044 4015 1097 4070 eut
1112 4010 1137 4069 si
1153 4010 1348 4071 mandandum

266 4093 378 4170 aliquid
408 4095 592 4172 procuratori
625 4095 661 4154 ds
692 4095 874 4172 agricultura
904 4099 957 4154 aut
977 4095 1175 4172 imperandum
1197 4095 1282 4154 vilico
1303 4101 1348 4156 est

266 4177 399 4278 Magonis
420 4179 673 4256 Karthaginiensis
694 4186 762 4238 sunt
783 4179 851 4238 libri
874 4177 1066 4256 perdiscendi,
1090 4199 1126 4240 an
1147 4179 1200 4240 heo
1220 4199 1347 4240 commu·

267 4263 296 4320 ui
318 4251 512 4340 intelligentia
533 4265 660 4358 contenti
683 4283 745 4323 essa
767 4264 940 4341 possumus?
