3380 5404
882 627 920 688 36

358 793 447 868 tinet,
467 787 704 886 adjungeretur,
728 787 820 856 facile
843 789 994 854 detentu
1016 789 1191 855 recentiore
1213 788 1399 856 codicibus
1423 791 1495 859 ob-

357 901 652 977 temperarem-‘-
612 889 824 957 -codicem
858 889 1088 972 Lipsiensemt
1089 911 1181 954 amen
1203 890 1325 956 hebere
1358 893 1496 975 dyptico,

358 995 502 1060 utdet
488 999 558 1060 text
559 1016 580 1058 u
603 992 776 1074 depravato
800 998 931 1067 t,oceam
955 990 1176 1072 praetereundo
1198 990 1493 1058 animadvertere
1648 943 1649 1084 3

357 1096 490 1164 volo—
514 1094 570 1160 sed
591 1092 670 1158 milri
690 1090 871 1156 recordanti
894 1090 947 1174 Ιιιι3
950 1112 986 1155 us
934 1091 1172 1174 Jparticnlae
1189 1091 1412 1175 frequentem
1426 1101 1492 1160 at.-

358 1217 420 1280 que
452 1195 525 1260 huic
545 1195 616 1260 loco
638 1193 773 1258 similem
795 1213 886 1256 usum
908 1193 940 1256 in
963 1192 1076 1257 Vetere
1097 1193 1301 1259 “lestamento
1326 1191 1489 1262 Schroe·

359 1296 490 1362 deciana
512 1295 683 1378 explicatio
705 1293 922 1364 vehementer
928 1292 1042 1376 placet.
1082 1293 1125 1358 Ut
1146 1293 1209 1358 des
1232 1293 1488 1364 xl.11:¹²re-
1632 1305 1644 1379 3

359 1397 455 1462 dimet
481 1397 581 1462 denuo
604 1405 669 1470 (nu
672 1395 746 1477 pb
736 1403 830 1481 spuet
818 1394 963 1475 )poputi
983 1395 1139 1478 reliquiae
1161 1393 1262 1468 Deus,
1284 1396 1390 1478 cujus
1418 1419 1486 1480 ge·

359 1498 444 1562 neris
465 1496 567 1570 multa
589 1494 702 1560 afferre
729 1515 896 1577 possumus
918 1495 1071 1578 exempla,
1094 1495 1148 1558 ubi
1171 1493 1263 1578 quasi
1284 1495 1317 1559 in
1347 1499 1486 1563 eadem

359 1618 456 1662 causa
478 1603 613 1678 usurpat
614 1617 652 1659 or
599 1595 862 1660 tvocabulum
884 1612 954 1678 corp.
998 1594 1152 1662 Codicum
1169 1595 1346 1660 lectionem
1364 1597 1485 1682 bynu·

360 1699 408 1763 tto·
428 1697 568 1762 reddidit
589 1695 763 1760 Moversins
787 1695 905 1778 tpouhi
927 1694 1038 1760 ultimo
1059 1694 1202 1775 leeo‚-·
1227 1695 1274 1761 bis
1296 1699 1398 1762 enim
1423 1721 1484 1764 oc-

360 1799 541 1872 currit*
513 1798 676 1880 -primo
711 1794 791 1860 loco
814 1796 959 1875 serravit,
993 1815 1064 1878 quae
1095 1797 1231 1862 mutatio
1259 1804 1326 1861 tam
1357 1807 1415 1864 est
1441 1801 1479 1864 in

360 1904 520 1983 promptu,
544 1902 581 1962 ut
606 1896 815 1962 annnadvert
794 1902 868 1960 trsse
892 1902 943 1961 sat
944 1898 971 1961 is
993 1897 1043 1961 eit.
1087 1897 1137 1980 En
1159 1905 1291 1980 sequent
1278 1897 1371 1965 tibus
1398 1921 1475 1968 ver·

360 2002 409 2066 bis
431 2000 486 2066 iad
506 1999 609 2075 sedin,
631 2003 788 2080 quantum
808 1996 899 2062 libris
932 1997 1073 2062 tribuere
1094 1997 1199 2077 liceat,
1219 1999 1253 2063 in
1275 2001 1388 2066 medio
1418 2021 1474 2067 re·
1551 2047 1559 2060 .

359 2100 480 2183 linquo,
512 2098 619 2164 videor
651 2107 759 2164 tamen
791 2117 965 2179 agnoscere
994 2099 1227 2163 substantivum
1250 2117 1307 2166 *iu*
1331 2101 1473 2170 Morer-

361 2200 443 2266 sium
465 2206 592 2264 secutus
613 2206 646 2263 et
666 2198 802 2262 formam
824 2198 1018 2281 pronominis
1039 2198 1142 2264 suffixi
1165 2199 1288 2282 generis
1303 2200 1473 2269 feminini.

362 2289 431 2368 Hoc
464 2300 698 2365 substantivum
721 2298 859 2364 occurrit
881 2298 967 2381 apud
989 2299 1137 2382 antiquos
1159 2299 1312 2366 Hebraeos
1335 2304 1372 2367 in
1398 2306 1470 2370 suf-

361 2405 427 2470 fixa
448 2402 587 2486 quadam
609 2401 721 2481 forma,
745 2421 815 2484 quae
835 2401 878 2466 ad
890 2418 944 2466 eas
959 2401 1097 2484 pertinet
1108 2401 1292 2482 locutiones,
1308 2424 1470 2486 quarum,

362 2525 460 2590 quum
493 2503 627 2568 multum
661 2509 767 2566 essent
798 2502 829 2566 in
858 2501 1314 2584 nsu‚p1·imarissignificotio
1339 2508 1467 2572 sensim

362 2603 498 2672 evanuit.
547 2604 603 2668 Sin
634 2609 742 2668 autem
775 2623 847 2666 cum
877 2600 1043 2675 Moversio‚
1077 2602 1230 2682 Enaldio,
1266 2603 1468 2673 schroedero

361 2705 496 2770 formam
530 2723 613 2788 pun
635 2703 750 2768 Plauto
783 2702 1048 2785 Phoenicibusque
1080 2704 1245 2783 vindicem,
1267 2725 1466 2773 commemo·

361 2825 430 2873 rem
462 2807 596 2870 formam
623 2803 692 2882 den,
716 2822 786 2886 quae
808 2807 857 2866 est
878 2803 965 2886 opud
987 2801 1205 2870 Samaritanos
1226 2811 1323 2888 atque
1347 2809 1467 2872 eadem

363 2906 533 2990 singularis
566 2912 598 2969 et
630 2901 763 2987 pluralis
785 2903 908 2969 numeri
931 2903 1028 2968 habet
1049 2905 1217 2972 notionem.
1261 2908 1370 2988 Atque
1392 2898 1489 2972 haec‘

360 3009 532 3086 hactenus3
565 3004 722 3086 Hitzigius
754 3009 870 3081 autem,
903 3025 999 3087 quum
1034 3003 1094 3068 eibi
1115 3025 1302 3088 persuasum
1325 3007 1465 3074 haberet

338 3101 530 3176 'lectionem
565 3105 751 3170 Wexianam
783 3123 851 3168 esse
883 3103 1124 3187 admittendam,
1154 3107 1245 3188 legit:
1268 3109 1332 3173 odo
1357 3111 1397 3176 ed
1416 3131 1462 3194 yn

365 3211 475 3278 tinuit
496 3208 667 3290 vertitque:
701 3207 795 3289 ”quas
828 3205 904 3270 mihi
926 3207 1148 3290 surripuerunt
1169 3226 1271 3291 neque
1293 3229 1367 3275 cum
1390 3230 1463 3276 mea

364 3309 551 3394 voluptate”‚
574 3328 638 3391 quo
661 3307 739 3371 nihil
761 3315 809 3372 est
830 3307 980 3372 insulsius
1002 3315 1034 3372 et
1051 3307 1201 3392 jejunius.
1607 3346 1623 3454 3

448 3413 498 3478 Ex
520 3413 639 3479 verbis:

408 3515 441 3582 lu
465 3515 569 3580 lecant
590 3535 686 3580 ecooa
708 3513 847 3579 olonimd
870 3513 958 3578 alum
981 3513 1074 3578 tarto
1094 3515 1186 3580 cohor
1208 3515 1230 3580 d
1242 3562 1248 3577 .
1262 3561 1268 3576 .
1281 3519 1317 3579 at
1339 3516 1419 3594 silli,
1616 3500 1622 3601 3

365 3635 436 3702 qum
468 3615 642 3680 Moversius
675 3615 708 3678 in
740 3613 944 3697 palimpsesto
976 3613 1210 3696 deprehendere
1232 3613 1294 3679 sibi
1316 3615 1456 3696 videber,
1616 3618 1620 3709 3

365 3715 442 3782 fecit
464 3715 549 3780 haee:

394 3819 419 3884 ii
441 3819 545 3884 locant
565 3817 658 3884 icona
679 3815 819 3883 alonimb
842 3817 930 3882 alum
953 3817 1067 3882 bonuti
1089 3818 1183 3883 ictad
1203 3818 1258 3882 bio
1278 3817 1322 3881 ot
1344 3820 1429 3895 silli,-

366 3921 525 4004 Ilitzigius
556 3924 589 3986 et
620 3918 827 3986 Schroederus
858 3924 968 4005 paucis
1000 3925 1133 3988 mutatis
1154 3933 1226 3988 edm
1249 3926 1349 3990 secuti
1372 3935 1455 3992 sunt·

365 4023 463 4088 Recte
484 4028 593 4086 autem
615 4018 821 4086 Schroederus
844 4022 934 4086 nobis
946 4022 1070 4088 videtur
1081 4023 1258 4088 restituisse
1271 4043 1362 4104 niun,
1372 4026 1455 4109 quod

367 4121 448 4188 siin
472 4139 527 4187 uu
549 4126 701 4199 mutatur,
714 4121 765 4196 vis
780 4123 883 4186 textui
905 4120 1050 4188 insertur.
1088 4124 1209 4197 Restat,
1232 4130 1268 4190 ut
1289 4147 1394 4208 pauca
1407 4128 1454 4191 di·

368 4243 477 4288 cemus
508 4221 547 4286 de
581 4221 715 4286 lectione
748 4223 847 4302 icona,
882 4225 966 4306 quod
989 4225 1120 4288 verbum
1143 4222 1317 4290 Movorsins
1338 4228 1452 4292 reddit:

369 4325 476 4406 ”mdge
498 4343 531 4386 es
552 4321 724 4404 gelingeo'’.
769 4323 838 4388 Hoc
860 4325 990 4391 verbum
1011 4326 1044 4389 in
1066 4346 1103 4390 ea
1126 4326 1355 4409 significatione
1368 4347 1453 4390 usur·

369 4425 441 4509 pari
473 4444 537 4488 non
570 4423 719 4496 ostendit,
751 4442 853 4505 neque
885 4423 984 4487 ullum
1017 4423 1133 4490 scimus
1166 4427 1352 4510 exemplum,
1375 4423 1454 4507 quod
