3380 5404
881 623 899 676 8

697 781 730 846 hi
752 783 849 848 rubro
871 805 891 848 a
911 783 1004 848 litore
1026 783 1186 865 quondam

548 881 710 948 Mutavere
732 881 852 963 domos3
939 961 942 968 ⁴

345 979 525 1048 Priscianus
540 981 580 1047 de
600 981 662 1048 his:
677 981 770 1066 ”qnos
781 984 868 1048 misit
889 982 1049 1065 qnondam
1072 1000 1159 1048 mare
1181 984 1338 1064 rubrum;'⁷
1364 985 1441 1049 Pli-

347 1087 418 1152 nius
430 1089 474 1161 ⁴):
494 1083 647 1167 ”Erythea
669 1083 755 1150 diota
776 1093 834 1164 est,
855 1086 1004 1168 quoniam
1026 1085 1122 1169 Tyrii,
1143 1085 1228 1168 quod
1249 1087 1447 1169 aborigines

346 1207 456 1252 earum
478 1183 612 1272 (Gades)
633 1184 705 1264 orti,
716 1185 758 1252 ab
773 1186 927 1270 erythraeo
943 1186 1024 1254 mari
1035 1187 1232 1254 ferebantur¹
1246 1193 1282 1262 ⁶),
1298 1186 1445 1272 Stepha-

435 1359 463 1425 4)
484 1357 521 1416 H.
543 1357 578 1415 n.
602 1357 656 1438 rr:
679 1355 729 1418 ac.

434 1461 461 1530 Β)
483 1457 630 1529 Quaerenti
654 1457 722 1517 mibi
745 1459 869 1518 nominis
891 1454 998 1520 Rubri
1018 1459 1105 1518 maris
1127 1459 1365 1534 significationem
1392 1462 1443 1519 at-

347 1563 404 1622 que
419 1541 567 1618 originem
588 1542 701 1618 antiqui
723 1543 881 1619 scriptores
903 1563 1078 1621 magnopere
1098 1544 1254 1602 dissentire
1276 1543 1330 1603 visi
1352 1543 1440 1607 subt.

346 1630 430 1702 Nam,
463 1633 498 1685 ut
527 1643 628 1684 eorum
654 1627 811 1686 sententias
832 1627 962 1686 breviter
982 1627 1188 1706 perstringam,
1209 1627 1440 1706 antiquissimus

346 1711 513 1772 Herodotus
544 1711 675 1786 appellat
695 1717 793 1772 totum
811 1712 889 1770 illud‘
907 1732 994 1786 mare,
1015 1712 1093 1788 quod
1114 1731 1179 1770 oras
1201 1712 1287 1770 alluit
1307 1713 1442 1781 Arabiae,

346 1797 446 1872 Indiae,
464 1793 594 1866 »Africae
625 1785 775 1877 Ἐρυθρὴν
796 1789 973 1870 θάλασσαν,
995 1802 1083 1872 atque
1103 1795 1260 1874 distinguit
1280 1795 1359 1854 inter
1380 1797 1442 1856 hoc

346 1886 377 1939 et
409 1879 502 1938 sinum
538 1879 703 1948 Arabicum,
736 1879 786 1955 qui
818 1879 894 1938 inter
915 1881 1044 1940 Africam
1065 1886 1095 1938 et
1120 1881 1253 1938 Arabiam
1274 1902 1292 1940 a
1313 1882 1442 1940 meridie

346 1965 445 2025 influit
465 1963 521 2034 (112
546 1961 629 2034 158).
663 1962 734 2021 Post
756 1983 824 2022 vero
846 1963 924 2040 apud
946 1964 1131 2022 Ptolemaeum
1153 1970 1183 2022 ct
1204 1964 1438 2040 Agathemerum

347 2052 544 2126 campartem
566 2047 656 2106 solum
680 2047 767 2107 maris
789 2048 881 2107 Indici
902 2049 1066 2125 significare
1087 2049 1202 2116 dicitur,
1226 2050 1439 2125 quaestinter

348 2135 455 2191 fretum
480 2131 541 2188 Bou
562 2131 589 2187 el
610 2131 735 2189 Mandeb
756 2137 786 2189 et
807 2133 923 2190 Arabiae
944 2137 1057 2210 partem
1069 2132 1247 2205 orientalem,
1260 2152 1438 2208 quamquam

348 2219 403 2276 boe
435 2235 540 2275 nomen
572 2217 659 2275 latius
691 2221 792 2292 potere
812 2223 984 2292 argumento
1005 2222 1050 2276 est
1070 2217 1145 2275 liber
1167 2217 1295 2293 Arriani,
1317 2219 1369 2292 qui
1391 2217 1440 2280 in-

347 2300 487 2360 scribitur
519 2291 695 2378 περίπλους
725 2301 780 2382 τῆς
807 2290 963 2378 Ἐρυθρᾶς
996 2293 1168 2384 θαλάσσης,
1200 2321 1236 2358 ex
1262 2319 1320 2376 quo
1351 2307 1438 2378 patet

347 2389 401 2444 hoo
433 2385 571 2443 vocabulo
603 2384 691 2442 etiam
723 2384 816 2442 sinum
849 2383 997 2444 Persicum
1019 2385 1176 2460 significari
1197 2403 1290 2462 posse.
1332 2385 1438 2461 Neque

348 2468 438 2546 magis
460 2470 539 2528 inter
561 2467 638 2525 viros
660 2468 759 2526 doctos
782 2475 812 2528 et
832 2471 968 2545 antiquos
990 2470 1147 2546 scriptores
1169 2469 1312 2543 convenit,
1328 2469 1438 2526 eurita

347 2554 526 2633 appellatum
549 2552 596 2612 sit.
630 2553 695 2611 Jam
717 2553 822 2611 Strabo
844 2553 915 2614 duas
937 2553 1022 2612 affert
1043 2553 1212 2629 sententias,
1229 2573 1438 2621 amorreorum,

350 2641 399 2714 qui
422 2659 440 2696 o
462 2637 626 2696 Phoenicum
660 2637 774 2695 nomine
795 2637 837 2695 ita
859 2658 938 2696 mare
959 2643 1156 2714 nuncupatum
1177 2657 1240 2696 esse
1261 2637 1438 2702 censuerint-2

348 2724 472 2782 alteram
502 2741 611 2796 eorum,
645 2720 750 2796 quibus
778 2741 865 2796 quum
889 2719 1000 2780 Sidonii
1021 2721 1115 2780 coloni
1136 2719 1232 2780 essent
1253 2741 1361 2793 eorum,
1385 2722 1439 2797 qui

347 2807 384 2865 ad
408 2827 486 2864 mare
508 2806 693 2880 Erythraeum
716 2806 890 2873 habitarent,
912 2805 1059 2871 Phoenices
1082 2825 1118 2864 ex
1138 2807 1225 2865 maris
1248 2805 1363 2864 nomine
1383 2824 1436 2882 ap-

348 2891 448 2968 pellati
471 2890 652 2959 viderentur,
673 2891 725 2961 (ci.v
742 2890 848 2948 Strabo
871 2890 884 2948 1
905 2910 936 2967 p.
957 2888 1019 2963 42).
1053 2889 1127 2948 Sunt
1148 2909 1246 2968 porro,
1268 2891 1319 2966 qui
1333 2909 1436 2947 nomen

348 2974 520 3034 Hebraicum
546 2985 654 3054 quw*
685 2993 749 3031 eum
776 2973 876 3032 Graeco
909 2980 938 3030 et
969 2971 1074 3031 Latino
1095 2977 1274 3032 conferentes
1295 2992 1438 3040 nomena

345 3059 426 3134 junci
462 3056 611 3134 cujusdam
643 3057 734 3114 rubro
755 3056 850 3115 colore
872 3059 971 3122 datum
993 3077 1055 3115 esse
1077 3057 1218 3130 dixerint3
1241 3057 1438 3118 Dalrlnrannus
1518 3079 1525 3088 ·

350 3143 456 3201 deinde
477 3143 506 3200 in
528 3141 763 3199 annotationibus
785 3141 821 3199 ad
838 3142 1017 3199 Herodotum
1039 3141 1204 3203 haeehabot:
1228 3141 1341 3201 ”Gaben
1354 3142 1437 3200 hieru

349 3229 396 3285 die
431 3225 655 3304 Porphyrt'elsen
688 3245 725 3282 an
758 3225 810 3282 der
843 3225 1043 3303 Egyptischen
1076 3225 1153 3284 Seite
1186 3227 1236 3287 des
1257 3227 1435 3286 Arabischen

349 3312 539 3371 Mecrbusens
562 3309 630 3368 weit
650 3309 754 3368 hinaus
776 3310 808 3368 in
828 3311 875 3370 dic
896 3309 948 3369 See
970 3311 1053 3368 ibren
1076 3310 1179 3368 rothen
1193 3311 1295 3369 Sebein
1309 3307 1437 3370 wersend

348 3397 404 3454 den
426 3395 607 3454 naturlichen
631 3394 744 3467 Aulam,
766 3415 798 3453 so
819 3396 944 3471 begreift
966 3395 1026 3453 sich
1048 3395 1247 3454 niehtwarnm
1261 3395 1332 3453 noch
1348 3394 1435 3449 heuto

348 3480 395 3537 die
418 3477 521 3538 Perser
542 3479 598 3538 den
620 3479 782 3554 Gegensatz
803 3479 977 3538 festbattend
999 3479 1050 3538 das
1082 3478 1330 3538 Mittellandische
1353 3477 1436 3533 Meor

349 3561 400 3621 das
422 3562 521 3620 weisse
542 3565 679 3622 nonnen‘t
716 3563 759 3622 Ut
779 3568 853 3622 vero'
871 3583 947 3641 saepe
968 3583 1036 3624 casu
1057 3583 1090 3622 ac
1110 3565 1234 3622 fortuito
1255 3561 1369 3620 uomina
1391 3560 1433 3616 lo·

350 3649 392 3706 cis
425 3647 543 3722 dantur,
565 3653 599 3704 ut
631 3647 773 3722 originem
806 3653 894 3724 atque
915 3648 1068 3722 genuinam
1091 3649 1175 3724 quasi
1197 3643 1435 3722 significationem

349 3730 517 3810 perdifficile
539 3731 578 3788 sit
598 3749 762 3808 agnoscere,
785 3731 828 3790 ita
849 3751 884 3789 ne
905 3731 941 3789 de
954 3731 1005 3789 boo
1020 3733 1132 3790 nomine
1147 3731 1263 3808 quidem
1274 3727 1356 3785 facile
1367 3728 1434 3807 quis

348 3815 471 3876 affirmet
502 3835 557 3891 pro
588 3823 678 3872 certo⁴
700 3835 730 3872 rc
752 3835 822 3873 vcra
847 3817 952 3887 vidisse
973 3822 1060 3891 atque
1082 3816 1223 3892 imprimis
1245 3831 1322 3888 saepo
1343 3815 1435 3871 maria

231 3928 238 3944 ι
349 3906 438 3974 atquc
468 3898 589 3957 flumina
619 3900 714 3956 colore
747 3907 959 3983 nuncupantur,
983 3901 1033 3957 ubi
1055 3901 1135 3961 nulla
1155 3901 1185 3958 in
1206 3917 1282 3973 equa
1303 3897 1434 3956 cernitur

348 3983 485 4042 varietas.
528 3982 604 4055 Quid
637 4003 706 4041 vero
739 3982 882 4058 significet
914 4003 1027 4052 nomen,
1050 3985 1140 4058 magis
1161 3983 1190 4040 in
1219 3986 1358 4059 promptu
1380 3989 1432 4049 est,

349 4087 437 4143 quum
470 4086 505 4124 ex
526 4068 686 4126 accolarum
709 4069 823 4124 nomine
845 4069 962 4126 ductum
984 4088 1046 4126 esse
1067 4073 1200 4145 apparet.
1243 4066 1432 4138 Quamobrem

348 4173 385 4210 ex
406 4157 486 4210 recta
507 4171 603 4208 rernm
626 4153 738 4210 ratione
760 4150 876 4226 Gobjius
898 4151 1017 4227 qnidam
1032 4152 1129 4210 docuit
1143 4171 1247 4208 nomen
1258 4150 1434 4227 erythraeum

348 4256 384 4293 ex
412 4235 566 4295 *Senserito
589 4235 737 4311 Aryritlrra
762 4255 824 4293 esse
846 4235 1044 4312 depravatum,
1066 4255 1124 4312 quo
1146 4235 1326 4310 significetur
1347 4235 1434 4293 Arios

349 4320 493 4398 imprimis
515 4319 544 4378 in
567 4321 627 4378 oris
649 4320 838 4389 habitavisse3
861 4319 976 4378 Graecos
998 4340 1065 4378 vero
1087 4320 1323 4397 linguaepersicae
1339 4318 1439 4396 ignari·
