3380 5404
866 573 907 636 46

344 755 442 820 quam
463 755 572 802 omnes
593 735 713 803 liabent
734 735 858 804 codices
879 738 1052 804 secundum
1074 742 1315 820 ceterostextus
1328 760 1449 806 emen-

345 837 461 914 danda,
483 844 519 901 ut
540 834 598 902 fiat
619 853 717 904 qnsum
732 834 820 911 1).’-
846 837 991 902 Alterum
1015 842 1139 902 textum
1156 839 1451 906 Moversiusndhi-

346 938 412 1002 bita
445 937 578 1002 lectione
609 957 717 1001 versus
739 937 798 1003 XV
827 939 980 1018 restituit,
1003 960 1060 1022 pro
1084 941 1237 1005 vocabulo
1262 942 1316 1020 lio,
1338 943 1449 1023 quod,

345 1038 513 1121 quominus
545 1038 629 1102 idem
652 1039 807 1120 significet
828 1045 924 1122 atque
947 1041 1042 1119 chirs,
1066 1041 1142 1105 nihil
1165 1041 1307 1125 impedit,
1332 1041 1448 1108 Hitzi-

345 1143 426 1222 gius,
448 1139 502 1222 qui
525 1139 768 1222 Palimpsestum
791 1140 927 1204 maxime
939 1149 1067 1205 secutus
1078 1148 1135 1215 eet,
1148 1142 1244 1207 habet
1274 1157 1329 1227 Vr,
1344 1143 1450 1226 cujus

345 1239 406 1306 sibi
436 1239 522 1304 visus
547 1249 608 1334 ¹est
647 1239 882 1323 deprehendere
914 1241 1066 1322 vestigiap
1094 1246 1198 1305 totum
1230 1259 1355 1306 versum
1392 1243 1451 1310 ita

345 1340 558 1406 transscribit:
581 1342 700 1407 urerer.
722 1354 768 1427 γν
791 1358 890 1407 Ἥκω
913 1353 972 1425 'rin
995 1359 1073 1406 'trun
1096 1361 1180 1408 *nrm
1195 1345 1231 1418 ⁴).

841 1489 881 1558 V.
903 1489 935 1557 9.
1024 1486 1027 1492 ’

342 1613 396 1682 ,1.
440 1609 598 1694 Bynnpill
617 1609 755 1698 olillnclr
776 1609 821 1692 ily
841 1610 987 1690 pubulim
1011 1610 1186 1676 lasibithim

366 1715 409 1774 2.‘
438 1711 533 1778 Alere
554 1731 595 1774 us
615 1711 756 1776 debarim
778 1713 812 1775 in
831 1711 868 1791 pi
889 1730 999 1792 irrurop
1020 1712 1149 1776 suestili

365 1814 394 1874 3.
438 1812 533 1876 Alam
554 1831 593 1876 us
614 1811 727 1876 deberi
749 1834 783 1876 er
803 1813 915 1876 micom
936 1813 1095 1894 sueslipli.

428 1911 462 1978 Si
495 1912 528 1976 id
550 1916 690 1994 agentes,
712 1911 799 1995 quod
821 1931 944 1996 semper
965 1914 997 1976 in
1019 1911 1070 1976 his
1091 1913 1219 1978 Punicis
1241 1914 1448 1998 explicandis

239 2076 243 2080 .
343 2015 515 2108 tenendum
547 2021 605 2094 est,
638 2022 675 2078 ut
708 2012 803 2078 verba
836 2019 869 2078 et
900 2013 1074 2080 locutiones
1101 2035 1164 2079 nou
1193 2017 1286 2080 modo
1309 2017 1377 2081 sint
1399 2020 1448 2084 ad

252 2115 254 2122 ’
342 2119 460 2185 Latina
493 2125 569 2201 apta
601 2125 634 2182 et
666 2116 894 2194 convenientia,
917 2117 971 2181 sed
994 2137 1058 2199 qua
1080 2117 1148 2182 fieri
1171 2124 1276 2200 potest
1299 2120 1447 2186 maxima
1474 2203 1478 2212 ,

343 2219 544 2304 simplicitate
576 2227 609 2284 et
639 2216 867 2302 perspicuitate
899 2216 1023 2282 Latinae
1054 2219 1208 2284 orationis
1231 2237 1359 2284 sensum
1385 2241 1445 2286 ex-

343 2323 492 2407 primant,
525 2321 568 2385 ad
601 2340 726 2384 versum
761 2339 879 2385 nonum
911 2320 1177 2401 transgredimur,
1210 2319 1361 2386 Morersii
1386 2346 1446 2389 ex·

342 2421 473 2508 plicatio
496 2421 609 2486 ceteris
631 2419 756 2484 videtur
778 2441 845 2484 esse
868 2417 1074 2502 praeferenda.
1117 2419 1210 2484 Hunc
1233 2413 1387 2504 sequerer
1408 2425 1445 2489 in

343 2524 489 2590 omnibus
513 2523 617 2587 verbis
645 2520 854 2601 declarandis,
878 2521 939 2586 nisi
970 2543 1047 2586 usus
1078 2521 1310 2604 praepositionis
1343 2541 1364 2588 :r
1399 2525 1445 2590 ab

1608 1262 1634 1299 ⁰

343 2626 483 2691 omnium
506 2625 686 2706 linguarum
709 2622 930 2688 Semiticarum
953 2623 1181 2688 consuetudine
1195 2622 1389 2697 abhorreret
1405 2631 1445 2703 ⁵)·
1534 2693 1536 2698 ,
1636 2675 1637 2678 ,

342 2725 518 2792 Ewaldium
551 2728 669 2803 eutem,
692 2745 791 2806 quum
813 2724 900 2805 legat
923 2741 1019 2804 inira,
1043 2723 1187 2788 codicum
1210 2724 1445 2792 auctoritatem

342 2833 376 2893 et
407 2825 677 2904 consuetudinem,
711 2845 781 2907 quae
806 2824 917 2890 haberi
940 2825 1029 2901 solet,
1052 2845 1152 2907 quum
1175 2825 1272 2890 verba
1294 2827 1446 2894 semitica

342 2949 399 3012 per
411 2927 497 2992 alias
513 2927 624 2991 literas
647 2918 927 3002 transscribantur,
940 2924 1084 2990 deserere
1105 2933 1191 2990 recte
1214 2925 1291 2990 dicit
1313 2925 1444 2995 Mover-

429 3101 457 3173 3)
478 3097 667 3159 Schroederus
698 3103 785 3175 putat
805 3096 957 3156 librarium
979 3091 1068 3157 'eaeo
1091 3097 1253 3174 scripsisse,
1276 3100 1358 3174 quod
1383 3102 1444 3162 Ln-

341 3187 436 3246 tinum
459 3189 587 3243 sonaret.
629 3181 807 3258 Quamquam
830 3181 977 3241 Eweldius
1000 3181 1029 3242 in
1053 3181 1115 3242 fine
1141 3181 1227 3256 hujus
1260 3203 1366 3244 versus
1390 3187 1443 3244 ha·

343 3271 394 3328 bet
415 3282 492 3340 &⁸0³3
515 3268 606 3327 vertit
628 3274 738 3327 tamen:
772 3268 878 3326 ”meins
901 3266 1123 3344 Beglnubigung
1147 3265 1208 3324 und
1232 3267 1325 3326 meine
1347 3270 1442 3330 Gest-

340 3355 442 3412 charte
463 3359 550 3428 trage
572 3352 617 3410 ioh
640 3352 726 3413 hier‘.

428 3438 456 3511 ⁴)
478 3437 632 3513 Hitzigius,
651 3456 741 3513 quum
764 3437 799 3509 (l.
821 3457 845 3496 c.
867 3457 898 3514 p.
921 3433 975 3509 96)
997 3435 1054 3494 ait:
1079 3434 1148 3494 ”Die
1161 3432 1312 3513 ”tessera’ss
1330 3438 1441 3496 welche

343 3521 407 3581 hier
440 3541 496 3580 von
528 3522 610 3596 Holz,
643 3521 682 3580 im
708 3524 836 3596 jungar-n
864 3521 939 3579 Text
960 3522 1024 3578 eine
1046 3517 1170 3577 Scherbe
1193 3520 1232 3578 ist
1251 3519 1316 3578 dem
1338 3522 1439 3582 tiltern

342 3607 395 3666 der
413 3605 593 3665 Hendsohrr.
616 3624 672 3664 nur
694 3606 859 3681 uberhaupt
880 3604 926 3664 eiu
948 3603 1101 3664 Tefelchen
1123 3593 1269 3662 vielleielrt
1292 3605 1439 3678 desshalh,

341 3687 406 3750 weil
427 3710 493 3748 men
514 3689 693 3764 ''yet‘’'nicht
709 3688 870 3759 veretundl,
892 3689 1014 3759 fallitur,
1037 3708 1102 3746 nam
1124 3689 1203 3746 inter
1224 3707 1322 3746 omues
1345 3692 1440 3764 viros,

342 3776 393 3852 qui
427 3775 500 3832 hanc
533 3793 595 3832 rem
617 3779 828 3843 tractaverunt,
849 3772 983 3831 convenit
1006 3807 1043 3816 -—
1067 3773 1098 3832 id
1120 3770 1307 3848 quodetiam
1329 3793 1367 3832 ex
1389 3795 1438 3832 ra-

341 3863 431 3933 tione,
449 3877 507 3936 qua
535 3858 790 3934 hospitiumiuire
811 3857 951 3928 solebant,
973 3862 1054 3935 patet
1077 3891 1115 3902 -
1139 3864 1278 3915 tesseram
1301 3877 1363 3916 eam
1386 3865 1439 3920 aut

339 3944 446 4018 argilla
467 3948 519 4005 aut
540 3943 637 4020 lepide
666 3948 718 4002 eut
738 3941 855 4002 metallo
877 3945 982 4001 factam
1004 3961 1067 4000 esse
1090 3941 1138 4012 (of.
1161 3939 1289 4000 Movere.
1313 3943 1332 4002 l.
1357 3963 1381 4001 c.
1404 3963 1435 4019 p.

342 4027 409 4100 95).
453 4027 644 4099 Quamobrem
667 4031 730 4103 ejus
753 4026 897 4086 sententia
920 4028 1014 4086 minus
1035 4027 1138 4104 placet.

428 4114 454 4184 ¹)
478 4111 650 4187 Praepositio
673 4109 722 4182 ba,
741 4131 827 4188 quem
845 4111 993 4170 interdum
1016 4111 1156 4169 adhibent
1178 4109 1275 4169 Persae
1297 4111 1333 4167 ad
1357 4111 1435 4170 dati-

340 4218 408 4256 vum
442 4195 672 4273 significandum,
695 4218 752 4258 non
779 4201 824 4256 eet
847 4195 987 4256 Semitiuoe
1010 4195 1136 4271 originis
1158 4195 1207 4265 ruf.
1241 4189 1435 4256 Vullerslum

342 4281 405 4340 sub.
429 4281 458 4341 h.
481 4290 533 4353 u).
1131 4298 1135 4307 ·
