3380 5404
773 610 822 684 re

244 782 328 864 reat,
353 785 412 849 uisi
434 803 494 868 ope
515 785 647 850 atterius
672 795 788 862 textus,
812 787 844 850 id
872 789 956 869 qnod
985 788 1070 854 trane
1098 771 1206 874 inepte
1239 790 1342 856 fautore

244 893 382 950 cenatus
404 893 454 950 est
474 885 693 968 Sehroederus,
716 887 771 952 iila
793 888 1004 954 restituimus,
1037 889 1170 972 Hitzigii
1194 912 1266 957 vere
1294 895 1341 956 in·
1457 907 1460 914 ·

243 987 510 1069 terpretationem
533 994 603 1054 uta
622 988 744 1054 Latinis
760 1011 891 1074 prorsus
905 990 1040 1058 alienam
1058 991 1116 1058 lior
1134 993 1203 1070 loro
1220 995 1340 1058 enuit-to.

595 1297 996 1307 Q*

322 1621 372 1739 11.
416 1617 588 1777 Punica,
611 1658 700 1778 que
724 1636 817 1736 sunt
840 1624 882 1736 in
904 1625 1041 1738 scenis
1063 1542 1108 1740 ΙΙι
1124 1637 1164 1740 et
1187 1622 1255 1740 ΙΙΙ.

332 1883 579 1948 Instituentibus
601 1881 693 1948 uobis
714 1901 761 1961 ea,
784 1902 855 1965 quae
868 1883 901 1948 in
918 1884 1020 1948 scenis
1035 1885 1175 1951 secunda
1192 1896 1225 1952 et
1243 1889 1339 1952 tertia

240 1983 447 2052 inveniuntur
470 1983 600 2061 Punica,
625 1991 767 2049 tractare
788 1992 886 2066 atque
917 1983 1085 2068 explicare,
1120 2007 1181 2051 non
1215 1987 1337 2051 adsunt

241 2084 315 2150 duae
337 2084 479 2169 ejusdem
501 2087 628 2168 generis
650 2085 822 2163 orationes,
844 2082 959 2166 quibus
980 2085 1064 2150 inter
1085 2107 1118 2152 se
1145 2091 1338 2172 comparatis

241 2205 318 2252 vera
349 2192 483 2254 eruatur
513 2185 682 2267 sententia,
710 2205 773 2250 nou
795 2185 980 2270 suppeditat
1001 2186 1101 2252 versio
1124 2187 1249 2262 Latina,
1271 2211 1336 2273 qun

241 2288 379 2354 amussis
400 2292 434 2354 et
455 2308 574 2354 normae
595 2287 697 2354 instar
719 2287 894 2371 proposita,
915 2307 991 2351 num
1012 2286 1077 2352 sint
1099 2307 1174 2354 vera
1196 2307 1243 2371 ea,
1267 2310 1337 2372 qnae

241 2387 314 2472 quis
347 2389 547 2472 excogitauit,
580 2396 667 2454 certo
699 2387 900 2473 dijudicetur.
945 2386 1043 2452 Nobis
1075 2389 1212 2472 quidem,
1239 2412 1338 2475 quum

241 2489 387 2555 ecdicum
407 2490 606 2570 varietatem,
629 2475 859 2555 diversissimos
880 2489 1021 2554 virorum
1043 2488 1210 2556 doctorum
1237 2493 1336 2576 expli-

240 2591 390 2661 condiet
411 2590 604 2657 emendandi
626 2596 760 2656 conatus
782 2591 1046 2674 contemplamur,
1070 2592 1337 2660 veriusaetutius

237 2693 364 2760 ridetur
385 2713 458 2760 oum
479 2692 643 2760 Bocharte
664 2691 809 2758 confiteri
832 2690 923 2757 ”nihil
946 2695 1025 2759 rerti
1047 2714 1087 2758 ex
1110 2694 1158 2758 his
1179 2697 1248 2760 erui
1264 2719 1335 2779 pos·

239 2795 297 2860 ee'’.
343 2795 457 2878 Atque,
479 2815 675 2880 quamquam
697 2815 761 2859 uon
782 2795 898 2873 omnia,
921 2815 992 2878 quer
1014 2795 1106 2860 nobis
1128 2795 1272 2861 videmur
1289 2799 1337 2860 in-

239 2894 357 2978 venire,
380 2905 456 2964 sunt
476 2897 519 2964 ad
543 2895 698 2962 erationis
720 2895 965 2980 perpetuitatem
986 2906 1065 2981 apta
1086 2904 1184 2980 etque
1209 2897 1337 2988 concin-

238 3018 290 3078 na,
312 2995 543 3064 nihilomnino
566 3018 625 3088 pro
646 3003 736 3062 certo
757 2995 911 3064 affirmari
926 3005 1043 3082 potest,
1056 3006 1163 3064 tamen
1175 3021 1237 3062 non
1249 2999 1338 3065 nulla

240 3106 315 3164 sunt
347 3106 415 3164 tam
446 3099 611 3180 ingeniose
637 3099 778 3176 iuventa,
799 3104 837 3162 ut
858 3099 895 3162 iis
917 3099 1035 3164 Latina
1056 3101 1153 3166 etiam
1174 3099 1337 3161 illustren-

240 3204 294 3262 tur
326 3216 365 3263 ao
386 3196 602 3280 perficiantur.
646 3197 717 3274 Qua
741 3196 870 3281 quidem
889 3197 921 3259 iu
944 3218 979 3261 re
1000 3197 1061 3264 hoc
1082 3219 1215 3282 semper
1228 3208 1336 3262 tenen-

241 3297 317 3364 dum
339 3300 398 3375 est,
419 3317 459 3362 ne
480 3318 519 3363 ea
539 3297 573 3362 in
595 3297 773 3363 orationem
793 3295 1337 3381 admittamus,quibuecontrahu-

240 3415 290 3498 jus
311 3417 414 3465 neena
434 3417 473 3463 ac
494 3397 595 3464 totius
616 3396 733 3462 rabulae
754 3397 950 3462 veluntatem
967 3398 1166 3463 strationem
1177 3409 1336 3481 peccetur,

242 3519 343 3584 neque
364 3517 412 3578 ea,
434 3519 505 3582 quae
527 3519 548 3565 a
569 3497 720 3564 dictionis
741 3498 1115 3582 Plautinasimplicitate
1131 3498 1335 3570 abhorreant.
1422 3573 1425 3578 ,

242 3601 392 3668 'Ponenda
422 3607 581 3685 praeterea
604 3605 680 3666 sunt
701 3599 854 3666 orationis
876 3606 1044 3666 contextus
1066 3622 1105 3666 ac
1127 3609 1228 3674 tenor,
1251 3604 1336 3667 intu-

244 3701 316 3766 endi
346 3720 450 3767 mores
475 3721 695 3785 personarum,
728 3701 1026 3784 meminerimueque
1049 3701 1130 3766 hene
1152 3702 1295 3768 fabulam
1317 3726 1338 3768 a

244 3801 354 3868 Graeco
370 3804 523 3887 scriptam
544 3802 577 3866 in
592 3801 743 3866 Latinum
765 3821 941 3868 sermonem
963 3819 1031 3866 esse
1054 3802 1252 3868 translatam.
1292 3797 1337 3868 'Ao

220 3893 315 3988 'post
336 3904 599 3970 Lindemanuium
613 3911 660 3982 et
685 3903 864 3982 Geseuium,
886 3902 941 3986 qui
963 3923 1027 3966 non
1049 3904 1095 3968 ita
1116 3903 1249 3992 feliciter
1273 3905 1335 3968 Pu-

245 4008 315 4072 nica
346 4006 557 4088 conjecerunt,
591 4025 689 4088 quum
722 4003 896 4088 Moversius
928 4005 1056 4070 omnino
1093 3993 1181 4068 hanc
1209 4025 1337 4070 scenam

243 4107 323 4172 bene
344 4113 377 4173 et
398 4105 535 4172 dilucide
557 4106 765 4190 exposuisset,
778 4105 844 4171 alia
855 4111 978 4171 struere
990 4112 1125 4171 conatus
1135 4110 1185 4171 est
1198 4105 1336 4173 Wexius.

244 4205 421 4290 (iniquum
442 4208 544 4290 magis
565 4207 748 4290 discrepare
769 4206 952 4272 viderentur
974 4207 1107 4292 codices,
1131 4228 1226 4290 quem
1249 4214 1285 4273 ut
1297 4209 1336 4273 li·

244 4309 358 4379 brariis
390 4306 497 4374 inseiis
529 4306 734 4391 tribueretur,
767 4306 934 4375 Plautinus
967 4309 1096 4394 quidam
1123 4308 1335 4386 diasceuasta,

1273 4413 1293 4472 4
