3380 5404
883 627 920 686 16

360 793 421 858 bus
453 799 485 854 et
518 789 556 853 de
590 789 687 852 nihilo
710 789 892 869 cogitemus,
916 788 1072 869 quomodo
1095 787 1213 868 aliquid
1236 794 1381 851 certum
1416 794 1507 854 erui

360 895 469 975 possit,
493 889 552 954 nisi
574 890 748 954 constitute
770 907 965 964 normanus
980 889 1186 969 assequimur.
1225 886 1502 972 Quamobrem,

360 1003 397 1057 ut
428 991 531 1056 multe
562 989 672 1054 intulit
694 1007 775 1052 nova
796 995 893 1071 atque
915 995 1070 1067 contorta,
1092 991 1138 1054 ita
1160 993 1209 1052 est
1229 1007 1250 1053 a
1271 985 1497 1061 Moversius

360 1092 494 1174 aliisque
512 1092 584 1175 jure
605 1091 814 1174 reprehensus
828 1095 866 1167 ⁶).
903 1090 952 1154 Ex
973 1091 1120 1156 omnibus
1142 1076 1225 1170 lero,
1249 1092 1303 1173 qui
1333 1093 1495 1166 Punica

446 1297 473 1368 ὃ)
495 1295 750 1354 Commemoranda
771 1299 914 1372 presteras
934 1301 979 1352 est
1001 1293 1095 1355 Wexii
1117 1295 1277 1372 disputatio
1298 1297 1345 1356 de
1373 1299 1491 1362 Puni-

360 1385 402 1440 cis
424 1379 576 1453 Plautinis,
587 1378 693 1456 Lipsiae
720 1375 811 1442 1839.
854 1379 909 1451 Qui
931 1398 1019 1454 quum
1041 1379 1071 1438 in
1091 1379 1188 1438 codice
1209 1378 1489 1462 Heidelbergensi

360 1473 428 1526 ante
458 1483 509 1522 sex
524 1463 642 1522 ultimos
664 1482 765 1522 versus
786 1462 926 1540 scriptum
950 1462 1095 1523 inveniret
1115 1462 1267 1522 PHONVS
1291 1463 1379 1538 DV„
1408 1469 1486 1529 haec

361 1551 450 1609 verba
466 1549 508 1606 ita
530 1546 685 1620 intellexit,
707 1554 741 1606 ut
762 1552 914 1623 sequentes
935 1567 1036 1606 versus
1058 1566 1189 1605 sermone
1210 1548 1328 1623 vulgari
1356 1551 1483 1613 Poeno-

361 1635 426 1692 rum
447 1631 572 1710 scriptos
594 1640 733 1690 censeret.
755 1630 994 1708 (lui'quamqnnm
1006 1631 1150 1690 consentit
1165 1630 1317 1708 Gesenius‚
1333 1636 1478 1696 Mover-

361 1720 421 1778 sins
443 1723 521 1775 recte
541 1714 779 1774 animadvertisse
800 1714 1100 1775 videtnr‘se'rmonem
1121 1715 1268 1790 vulgarem
1291 1719 1399 1778 nobili
1424 1722 1478 1787 illi
1505 1765 1509 1770 -

362 1803 459 1875 Poeno,
493 1799 544 1875 qui
566 1819 664 1858 omnes
691 1799 807 1876 linguas
828 1799 926 1873 sciret,
949 1801 993 1870 (cs
1012 1800 1089 1861 Prol.
1111 1820 1159 1859 vv.
1182 1799 1252 1873 111,
1275 1799 1362 1874 112>
1389 1807 1478 1864 male

383 1885 515 1946 uadrare.
767 1941 769 1944 .

361 1907 381 1964 q
446 1967 653 2026 Praetereundo
674 1967 792 2026 uberius
814 1966 896 2025 nobis
917 1967 1165 2026 commemoranda
1185 1975 1230 2025 est
1251 1967 1382 2032 Gesenii
1398 1979 1472 2033 seri-

299 2121 302 2128 ,
360 2042 463 2112 tentia.
506 2051 571 2129 Qui,
603 2057 798 2133 praeterquam
831 2051 910 2126 quod
939 2051 1018 2109 inter
1039 2070 1140 2115 versus
1161 2051 1284 2110 Punicos
1305 2061 1343 2113 et
1368 2057 1472 2134 Liby-

361 2133 484 2196 Punioos
517 2134 681 2212 distinguit,
708 2134 774 2192 illos
806 2134 944 2211 pedestri,
967 2135 1020 2193 hos
1042 2155 1129 2212 prosa
1149 2135 1280 2193 oratione
1300 2142 1468 2220 conscrip-

360 2231 407 2282 tos
439 2240 501 2280 esse
523 2223 617 2298 putat.
660 2217 868 2278 Similitudines
895 2239 931 2276 ex
957 2219 1062 2278 ceteris
1083 2219 1192 2294 linguis
1214 2219 1365 2282 Semiticis
1389 2227 1468 2284 affc-

362 2325 438 2374 rens‚
470 2306 513 2364 ita
545 2303 750 2363 ratiocinatur:
773 2303 946 2375 (Monnmm.
968 2303 1066 2362 Phoen.
1088 2302 1139 2364 IV.
1160 2323 1191 2380 p.
1213 2301 1290 2378 368)
1312 2307 1424 2380 ”Quod
1446 2329 1466 2368 a

361 2391 473 2450 Clerieo
499 2391 561 2464 jam
592 2387 822 2468 animadversum
843 2406 906 2446 esse
927 2407 1017 2464 supra
1037 2387 1171 2457 vidimus,
1192 2388 1326 2466 singulos
1350 2414 1465 2453 versus

362 2494 442 2532 more
474 2471 603 2531 Arabum
629 2471 811 2546 aliorumque
833 2470 1006 2530 Semitarum
1029 2471 1141 2530 duobus
1162 2479 1295 2531 constare
1317 2475 1460 2536 hernisti·
1529 2549 1530 2557 ἵ

361 2559 443 2624 chiis,
464 2575 529 2633 quae
551 2556 582 2614 in
603 2555 834 2614 homoeoteleuta
850 2563 964 2631 exeant,
987 2554 1017 2614 id
1038 2555 1121 2614 nobis
1143 2575 1177 2613 eo
1198 2556 1316 2616 videtur
1340 2563 1460 2621 verosi-

362 2643 467 2712 milius,
488 2661 546 2716 qno
557 2640 665 2698 certius
682 2637 775 2697 slmile
795 2639 1081 2698 homoeotelentorum
1104 2640 1247 2717 specimen
1268 2641 1360 2702 etiam
1384 2647 1458 2704 alibi

362 2729 393 2784 in
414 2725 606 2786 monumentis
633 2721 840 2799 Liby-Punicis
862 2732 977 2782 exstare
999 2723 1146 2782 vidimus.
1188 2725 1360 2785 Mirandum
1385 2750 1458 2788 vero

361 2815 407 2868 est
427 2809 522 2868 virum
544 2807 741 2866 doctissimum
762 2808 844 2865 nulla
864 2809 894 2867 vi
914 2808 1008 2866 textui
1019 2809 1101 2866 illata
1112 2809 1306 2867 clausularum
1327 2833 1456 2891 respon-

363 2895 472 2954 sionem
498 2892 634 2960 efleeisse‚
655 2909 756 2950 verum
778 2892 803 2949 si
823 2892 981 2966 quaerirnus
1002 2893 1089 2968 hujus
1110 2893 1152 2950 rei
1174 2893 1391 2972 similitudines,
1417 2899 1453 2954 li·

361 2987 433 3036 terae
454 2982 521 3034 ante
542 2975 692 3034 Christum
713 2982 814 3032 natum
835 2995 888 3033 nos
908 2976 1057 3036 deserunt.
1079 2975 1161 3047 Quod
1183 2977 1258 3035 enim
1281 2978 1329 3036 vir
1342 2981 1454 3039 doctis-

362 3062 452 3122 slmus
482 3059 525 3118 ait
556 3057 737 3116 hemistichia
768 3059 943 3117 Semitarum
974 3058 1005 3116 in
1027 3059 1246 3119 homoeoteleuta
1267 3063 1359 3134 exire,
1391 3085 1450 3122 non

362 3145 434 3206 satis
454 3145 533 3202 inter
553 3143 653 3201 doctos
674 3141 753 3200 viros
773 3143 915 3201 convenit.
957 3142 1060 3200 Possis
1078 3144 1266 3205 Hebraeorum
1293 3166 1362 3222 quae
1383 3149 1451 3206 bre-

362 3231 445 3290 vibus
466 3226 619 3287 sententiis
641 3224 718 3303 aptis
734 3225 812 3286 inter
833 3247 866 3284 se
884 3234 914 3286 et
939 3226 1175 3288 convenientibus
1192 3230 1353 3290 'conficitur
1374 3239 1451 3292 stro·

362 3315 487 3392 pharum
518 3310 632 3371 vinculo
663 3310 700 3368 ad
734 3311 944 3372 absolutionem
975 3312 1144 3388 conjunctis,
1177 3315 1258 3373 nullo
1285 3317 1373 3374 modo
1393 3318 1449 3376 huc

363 3397 441 3456 trahi
462 3416 546 3474 posse
566 3395 753 3454 arbitramur.
786 3396 1018 3456 Allitterationes
1039 3404 1069 3453 et
1090 3397 1299 3456 Parenomasiae
1315 3419 1381 3476 qua
1395 3420 1446 3477 ap·

362 3481 518 3560 pellantur,
541 3498 694 3557 saepecasn
714 3479 799 3552 fiunt,
820 3481 942 3540 maxime
962 3499 1032 3540 vero
1052 3480 1083 3539 in
1104 3483 1189 3558 gravi
1208 3483 1366 3542 acintenta
1379 3505 1444 3542 con·

362 3565 443 3623 ciens
464 3565 649 3637 adhibentur,
678 3583 832 3639 numquam
854 3585 907 3644 per
928 3564 1043 3640 longam
1065 3566 1205 3624 orationis
1226 3565 1444 3626 continuitatem

363 3657 527 3708 servantur.
570 3647 666 3707 Metra
686 3655 717 3706 et
738 3649 825 3724 pedes
847 3649 954 3706 similes
976 3647 1060 3706 multi
1080 3650 1111 3709 in
1132 3651 1261 3724 linguam
1276 3649 1442 3710 Hebraicam

363 3731 508 3793 ineulcare
529 3733 624 3791 cenati
644 3736 722 3801 sunt,
743 3737 777 3789 ut
797 3727 957 3810 Joscptus
977 3733 1113 3810 (Antiqq.
1135 3734 1200 3792 Lib.
1222 3734 1259 3802 11,
1281 3754 1343 3810 cap.
1365 3737 1441 3808 ult),

363 3812 524 3878 Eusebius
555 3834 646 3893 praep.
678 3815 731 3874 Ev.
764 3816 798 3873 L.
820 3816 863 3873 XI
884 3835 946 3893 cap.
969 3813 997 3884 3,
1020 3813 1233 3897 Hieronymus
1254 3820 1284 3877 in
1306 3821 1384 3894 praef,
1405 3821 1440 3877 ad

362 3898 483 3959 Eusebii
514 3897 631 3975 Chron,
655 3895 803 3961 Isidorus
835 3895 1041 3978 Hispalensis
1073 3903 1137 3964 Lib.
1168 3902 1183 3959 I
1209 3902 1360 3978 Originum
1382 3923 1439 3980 cap.

363 3982 530 4059 XXXVIII,
551 3983 779 4052 homoeoteleuta,
801 3991 941 4059 quantum
963 3985 1031 4051 scio,
1059 4005 1149 4044 neme.
1205 3985 1436 4045 Homoeotelente

348 4068 489 4147 'primum
520 4087 539 4124 a
570 4067 721 4126 Germanis
747 4067 777 4126 in
799 4068 973 4127 carminibus
994 4069 1124 4130 adhibita
1144 4088 1206 4127 esse
1228 4069 1312 4129 docet
1341 4066 1436 4132 West·

360 4147 493 4232 phallus
513 4151 637 4226 (Metrik
659 4152 688 4211 d.
710 4150 851 4210 Griechen
873 4152 893 4212 2
914 4153 990 4214 Aufl.
1014 4153 1042 4211 11
1063 4173 1093 4230 p.
1116 4153 1169 4211 45:
1191 4153 1257 4212 Wir
1278 4155 1437 4213 Hochdeut-

364 4236 449 4294 schen
483 4234 546 4294 sind
578 4234 625 4293 die
656 4241 763 4306 ersten,
796 4237 901 4295 welche
927 4237 1005 4296 disse
1027 4237 1199 4296 Revolution
1221 4256 1435 4314 vergenomnrcn

363 4318 419 4379 den
451 4315 640 4378 Schlussreim
662 4319 715 4377 der
736 4319 809 4377 Kola
830 4340 865 4378 an
888 4319 940 4378 der
962 4321 1050 4380 Stelle
1070 4322 1122 4380 der
1143 4322 1222 4382 alten
1243 4320 1434 4382 Allitteration
