3380 5404
859 607 899 668 22

336 787 390 834 eas
422 768 617 853 Calydonem
649 767 702 832 ille
723 787 849 851 quoque
875 768 976 847 duxit,
999 774 1140 851 quastus
1161 767 1301 836 faciendi
1332 789 1481 839 cauea.

334 869 476 947 Quarum
508 888 606 951 quum
640 868 862 950 Agorastocles
896 869 1047 952 majorem
1083 869 1174 934 valde
1200 880 1348 950 amaret,
1381 873 1481 940 leno

334 977 441 1035 autem
463 989 545 1033 vena
565 991 621 1052 spe
642 981 786 1034 amantes
807 969 943 1034 illudens
954 971 1119 1053 pecuniam
1136 980 1280 1054 posceret
1295 972 1474 1038 immen-

337 1092 414 1144 sam,
446 1070 499 1135 ille
532 1091 603 1134 cum
636 1089 725 1134 servo
749 1069 922 1152 Milphione
944 1071 1066 1146 lenonis
1088 1071 1241 1154 perdendi
1261 1075 1475 1140 consilinm

336 1174 406 1237 init.
449 1171 633 1236 Subornant
658 1171 783 1236 vilicum
807 1171 1029 1255 Collybiscum,
1053 1174 1107 1256 qui
1130 1173 1233 1256 specie
1255 1178 1471 1259 transfugae

335 1273 442 1339 divitis
474 1281 642 1338 numerata
675 1267 746 1335 cum
779 1274 913 1354 pecunia
946 1272 987 1337 ad
1021 1294 1091 1340 eum
1125 1274 1279 1339 devertat.
1338 1277 1466 1356 Leno,

328 1393 434 1457 quum
465 1373 549 1436 hunc
570 1372 644 1436 laete
665 1371 846 1454 accepisset,
869 1373 1070 1454 Agorastocli
1095 1375 1259 1455 querenti,
1281 1393 1468 1442 servusne

337 1475 424 1558 apud
457 1494 529 1537 eum
562 1473 682 1538 celatus
710 1482 860 1550 coenaret
884 1473 1018 1556 superbe
1041 1473 1203 1556 respondit
1226 1473 1466 1556 Milphionem

337 1575 437 1656 quaeri
459 1573 647 1656 intelligens,
671 1573 894 1654 Agorastocles
915 1583 1021 1638 autem
1045 1594 1116 1637 cum
1131 1572 1274 1653 testibus,
1288 1597 1399 1642 servo
1413 1599 1462 1642 ex

336 1675 511 1758 composito
523 1675 729 1758 deprehenso,
741 1675 885 1738 lenonem
898 1676 930 1737 in
943 1675 1128 1739 servitutem
1138 1677 1285 1740 assernit.
1304 1677 1460 1744 Hanno

336 1775 469 1855 interea,
491 1784 618 1840 mortuo
637 1775 746 1853 fratre,
773 1798 829 1859 per
849 1759 959 1871 omnes
982 1782 1085 1841 terras
1106 1774 1268 1860 profectus
1289 1776 1454 1844 filiarum

333 1877 580 1961 ,quaerendarum
600 1898 709 1955 ¹causa,
733 1897 830 1958 quum
843 1875 1047 1960 ¹Calydonem
1069 1879 1167 1942 etiam
1180 1878 1319 1944 venisset
1332 1899 1354 1943 e
1367 1883 1453 1946 navi

336 1998 484 2060 egressus
507 1979 552 2042 ita
574 1976 651 2041 deos
673 1979 824 2041 invocans
846 1979 1024 2041 inducitur:

358 2085 386 2144 1.
431 2063 515 2143 Deos
537 2075 676 2162 deasque
698 2099 840 2152 veneror,
863 2078 918 2160 qui
939 2076 1023 2143 hanc
1046 2077 1159 2143 urbem
1180 2079 1298 2154 colunt,

357 2182 388 2242 2.
434 2177 489 2257 Ut,
511 2179 597 2262 quod
621 2176 808 2242 demeare
830 2179 893 2241 huc
915 2178 995 2260 veni,
1018 2178 1079 2244 rite
1100 2178 1248 2253 venerim,
1272 2241 1275 2250 ,

358 2285 387 2345 3.
431 2279 584 2362 Measque
605 2280 658 2345 hio
679 2284 717 2343 ut
738 2278 853 2362 gns'ttas
876 2290 908 2344 et
930 2279 992 2343 mei
1013 2278 1124 2345 fratris
1145 2281 1247 2346 lilium

358 2385 386 2445 4.
428 2381 579 2465 Reperire
602 2381 651 2446 me
673 2381 784 2446 siritis:
808 2381 841 2445 di
863 2392 1003 2446 vostrum
1025 2381 1131 2447 fidem.

432 2481 524 2560 [Quae
546 2484 624 2547 mihi
646 2489 800 2566 surreptae
822 2473 895 2546 sunt
917 2488 950 2546 et
971 2482 1064 2548 fatris
1085 2483 1200 2562 filium]

357 2588 386 2644 5.
430 2581 493 2648 Sed
514 2583 567 2646 hic
590 2583 667 2648 ntilri
689 2580 826 2647 antehac
849 2585 963 2667 hospes
986 2582 1174 2648 Antidamas
1196 2585 1291 2664 luit3,

358 2687 389 2748 6.
433 2683 515 2747 Eum
537 2682 647 2748 fecisse
669 2681 769 2767 ajunt,
791 2683 851 2748 sibi
874 2685 959 2766 quod
981 2685 1164 2750 faciundum
1186 2685 1257 2751 luit.

358 2787 386 2848 t.
431 2783 509 2866 Ejus
530 2783 631 2849 filium
654 2785 723 2850 esse
746 2785 796 2850 hic
818 2785 994 2869 praedicant
1015 2786 1257 2867 Agorastoclem

357 2891 387 2950 8.
431 2885 481 2950 Ad
504 2907 577 2950 eum
598 2885 788 2972 hospitalem
811 2888 893 2952 hanc
916 2885 1068 2952 tesseram
1090 2909 1213 2953 mecum
1236 2886 1315 2954 lero.

357 2988 386 3050 9.
428 2986 462 3050 Is
484 2987 516 3050 in
539 2986 625 3052 hisce
648 2985 794 3052 habitare
816 2989 1027 3056 monstratust
1046 2989 1241 3069 regionibns

331 3092 388 3156 10.
432 3088 498 3152 Hos
520 3088 741 3172 percontabor,
765 3089 821 3173 qui
843 3091 915 3154 hinc
937 3089 1145 3170 egrediuntur
1166 3087 1262 3154 loras.

420 3189 599 3258 Affcramus
621 3191 733 3256 deiude
754 3193 965 3274 antiquiorem
988 3201 1109 3256 textum
1131 3191 1297 3268 Punicum,
1322 3199 1360 3258 ut
1382 3202 1432 3258 est

336 3313 357 3358 a
388 3291 545 3356 Moversio
578 3302 610 3357 et
642 3291 816 3376 Geppertio
849 3293 1052 3366 constitutus,
1085 3291 1212 3357 collatis
1233 3292 1431 3359 ultimissex

337 3392 482 3458 versibus
504 3395 671 3461 930·-935
694 3415 764 3459 cum
788 3395 896 3460 decem
918 3395 982 3460 illis
1006 3394 1215 3479 palimpsesti:

264 3491 269 3500 ’
741 3513 845 3580 tirsus
861 3515 1010 3580 suessan
1033 3497 1164 3561 rtrurbrr
1186 3497 1287 3562 osser
1309 3515 1355 3561 rm
1399 3497 1427 3558 1.

668 3616 767 3664 insu:
790 3600 908 3664 inisse
931 3615 1013 3663 nura
1036 3600 1114 3664 stas
1135 3619 1169 3666 π»
1192 3617 1250 3664 nst
1273 3613 1353 3678 arpis
1397 3599 1425 3659 2.

694 3715 753 3764 ten
774 3718 860 3764 *ntra
882 3701 946 3765 altr
969 3700 1072 3767 nutriar
1094 3720 1201 3785 itt-32*
1222 3699 1301 3782 πυρὶ
1324 3701 1355 3766 *b
1397 3702 1425 3765 3.

699 3802 784 3866 :bru
808 3801 866 3866 tta
888 3802 1003 3888 thunre
1027 3818 1088 3868 nm
1110 3817 1150 3884 rr.
1172 3803 1231 3868 *bn
1253 3819 1297 3866 mr
1319 3819 1353 3882 r:
1396 3801 1422 3862 t.

802 3902 884 3968 brun
908 3919 984 3967 ram
1008 3904 1074 3969 nbrr
1093 3919 1240 3986 reanum
1263 3919 1348 3968 runa
1389 3903 1416 3962 5.

792 4003 872 4070 'areb
894 4020 1020 4070 usuram
1044 4018 1088 4069 nrt
1109 4007 1151 4070 bu
1169 4005 1235 4090 aba
1257 4020 1350 4068 niara
1390 4002 1418 4064 6.

676 4107 863 4174 wattun&
886 4123 937 4172 *tt*
958 4124 997 4188 tn
1020 4121 1117 4174 tuus
1140 4122 1189 4172 uu
1212 4121 1286 4170 usta
1307 4126 1352 4171 rur
1391 4104 1418 4166 7.

842 4209 959 4273 masta
981 4208 1035 4272 πή
1057 4223 1156 4272 *sunt
1179 4218 1285 4294 hturstatt
1308 4225 1351 4272 ns
1379 4208 1417 4300 .⁸·

1576 3425 1593 3663 'l
