3380 5404
879 567 897 626 2

349 745 430 812 saepe
453 715 686 806 commemorat,
709 732 805 812 atque
828 747 930 792 mores
947 745 1055 793 corum
1070 735 1216 794 accurate
1231 715 1383 794 describit
1396 731 1435 807 ὃ);

348 830 424 913 quin
445 831 542 896 etiam
563 829 740 894 andivimus
761 826 888 894 Graecos
910 827 1062 908 homines,
1085 829 1265 912 ceteroquin
1289 837 1363 894 ortu
1385 833 1434 892 at·

348 949 409 1012 que
442 934 536 1012 gente
564 929 791 1013 superbientes,
814 929 951 1012 origines
973 950 1046 994 suas
1067 930 1109 993 ad
1131 929 1294 995 Phoenices
1316 929 1436 994 referre

257 1049 258 1052 ’
348 1036 495 1096 auctores
509 1034 547 1106 ι).
565 1030 642 1108 -Qui
668 1029 814 1114 populus,
837 1051 1029 1113 quamquam
1052 1051 1159 1094 omnes
1181 1051 1241 1104 res,
1259 1050 1330 1114 quae
1352 1047 1435 1093 mer-

348 1137 460 1196 catura
481 1137 579 1214 atque
600 1129 809 1196 fabricatione
830 1140 1065 1212 comparantur,
1086 1132 1130 1196 ad
1152 1151 1298 1195 summan
1312 1129 1434 1215 perfec-

347 1232 468 1296 tionem
500 1237 597 1315 atquc
617 1229 846 1296 absolutionem
867 1230 1093 1314 perduxerant,
1116 1252 1308 1314 quamquam
1329 1238 1435 1297 terras

347 1330 574 1404 remotissimas
595 1331 637 1396 ab
658 1329 779 1396 oriente
800 1328 842 1396 ad
864 1329 1058 1395 occidentem
1080 1331 1249 1412 navigandi
1271 1338 1342 1396 arte
1359 1350 1434 1394 con-

343 1431 524 1516 junxerant,
560 1429 713 1498 adhibitis
745 1428 784 1496 iis
816 1429 1022 1515 adjumentis,
1055 1449 1126 1514 quae
1158 1430 1301 1497 tulerunt
1333 1430 1436 1496 multa

345 1541 441 1597 terrae
473 1533 557 1598 circa
574 1530 717 1617 jacentes
731 1535 767 1612 ⁵),
791 1550 963 1614 numquam
984 1538 1059 1596 sunt
1080 1531 1184 1600 conati
1206 1539 1308 1598 terras
1332 1532 1363 1597 vi
1386 1529 1436 1595 vel

235 1667 238 1684 ·
346 1634 459 1700 fraude
480 1634 556 1701 feris
577 1635 687 1699 incolis
708 1634 874 1717 ademptas
897 1634 1034 1698 humano
1047 1634 1136 1699 cultu
1158 1634 1262 1699 denuo
1284 1635 1346 1700 sibi
1369 1633 1435 1698 vin-

297 1777 299 1781 ι
348 1737 463 1810 dicare.
495 1743 553 1803 aut
584 1741 672 1802 terra
702 1733 861 1799 diutinum
889 1734 1219 1820 condereimperium,
1242 1736 1340 1802 immo
1363 1753 1435 1798 vero

347 1837 453 1922 potius
474 1837 597 1902 tributa
618 1840 766 1901 accurate
787 1833 962 1915 solvebant,
985 1843 1022 1899 ut
1043 1834 1315 1916 ferebatfortuna,
1331 1835 1380 1900 vel
1395 1834 1435 1898 ad

348 1935 562 2020 Memphidom
594 1935 644 2000 vel
674 1935 717 2000 ad
738 1933 866 2017 Nineve,
888 1935 982 2000 modo
1004 1942 1108 2000 essent
1128 1936 1223 2001 salvae
1245 1936 1286 2002 ad
1308 1943 1436 2002 exteras

349 2028 493 2104 nationes
525 2036 583 2102 riae
596 2040 633 2118 ⁸).
677 2035 808 2115 Deinde,
834 2056 932 2120 quum
953 2035 1126 2111 Phoenices,
1148 2037 1437 2122 apracpotentibus

349 2135 478 2221 regibus
510 2135 693 2222 Babyloniis
724 2140 822 2220 atque
854 2135 989 2202 Persicis
1022 2135 1177 2200 debilitati
1204 2143 1262 2202 aut
1282 2135 1435 2221 oppressi,
1507 2189 1510 2202 .

350 2260 425 2324 opes
446 2245 478 2304 et
499 2244 712 2303 mercaturam
733 2235 959 2319 Carthaginem
980 2237 1022 2302 ad
1045 2236 1207 2315 coloniam,
1229 2238 1435 2320 quamhabe·
1493 2294 1498 2302 .

350 2339 429 2406 bant
459 2337 724 2410 florentissimam,
757 2337 1005 2419 transtulissent,
1040 2357 1078 2402 ne
1105 2339 1171 2401 baec
1200 2337 1326 2421 quidem
1348 2337 1435 2414 urbs,

351 2461 421 2525 quae
443 2439 517 2504 ”dea
539 2437 700 2522 gentibus”
720 2439 905 2521 putabatur,
927 2446 964 2502 ut
985 2439 1031 2503 ait
1053 2442 1157 2522 poeta,
1180 2459 1250 2521 quac
1271 2457 1436 2504 senescen-

350 2548 384 2606 te
416 2539 584 2624 paullatim
611 2536 734 2604 Graecia
756 2537 934 2603 doctrinam
955 2547 1051 2622 atque
1073 2539 1302 2614 humanitatem
1323 2541 1366 2606 ud
1387 2559 1439 2604 re-

352 2639 543 2705 motissimas
569 2639 713 2704 nationes
733 2657 912 2722 propagare
932 2646 1066 2724 poterat,
1088 2638 1177 2704 aliud
1198 2661 1294 2724 quam
1315 2641 1439 2706 lucrum

351 2750 448 2824 atque
479 2746 690 2806 mercaturam
722 2739 897 2824 spectabat.
941 2740 1153 2817 Quamobrem
1177 2751 1285 2807 actum
1307 2751 1377 2807 erat
1398 2741 1438 2806 de

352 2843 484 2928 imperio
507 2839 719 2923 Carthaginis,
747 2840 828 2906 sicut
848 2840 956 2925 Libyae
977 2840 1095 2925 populi,
1118 2863 1196 2924 quos
1218 2842 1305 2908 nullo
1328 2842 1438 2908 civita·

353 2945 395 3010 tis
416 2949 473 3009 aut
492 2940 622 3025 pietatis
642 2939 767 3005 vinculo
789 2938 849 3005 sibi
870 2941 1104 3022 obligavissent,
1126 2943 1158 3004 in
1175 2943 1281 3007 Africa
1293 2943 1439 3008 hostilem

353 3043 529 3111 exercitum
561 3041 680 3106 diutius
701 3040 873 3106 consistere
894 3040 1050 3106 viderunt.
1093 3041 1198 3124 Atque
1219 3050 1325 3108 tamen
1347 3049 1440 3110 tanta

353 3151 425 3212 erat
446 3141 630 3210 Phoenicum
651 3143 684 3206 in
706 3141 853 3207 omnibus
873 3139 978 3221 rebus,
999 3161 1069 3225 quae
1080 3142 1121 3206 ad
1133 3145 1356 3209 commercium
1366 3163 1439 3229 per·

354 3247 508 3324 tinebant,
541 3243 674 3326 agendis
706 3241 992 3326 contrahendisque
1023 3241 1173 3316 sollertia,
1194 3248 1232 3307 ut
1252 3244 1360 3308 multis
1382 3266 1440 3311 nn·

357 3349 406 3411 uls
427 3353 547 3429 postea,
569 3364 667 3428 quum
684 3342 809 3427 jamdiu
829 3341 993 3410 Phoenicia
1014 3344 1151 3410 colonias
1173 3346 1317 3410 emittere
1338 3345 1440 3412 desie-

442 3496 745 3578 nmm2m,

838 3571 991 3658 Φοίνιξ
971 3577 1046 3681 ανὴρ
1068 3603 1098 3642 or
1080 3573 1231 3682 ’ταιήλια
1252 3574 1346 3655 cidere
1447 3631 1448 3636 ,

450 3654 636 3748 Τριόκτης,
630 3683 666 3736 ος
687 3660 725 3748 δὴ
745 3661 850 3726 πολλὰ
873 3662 942 3726 κακ’
965 3655 1225 3745 ἀνθρώποισιν
1209 3659 1345 3747 srioyetr,

357 3751 411 3813 IV.
433 3751 488 3824 843
510 3749 596 3809 ΧΙΠ·
617 3748 678 3811 272
700 3769 779 3827 seqq.

443 3837 472 3911 ⁸)
493 3835 640 3894 Prellerus
671 3833 723 3894 Gr.
756 3832 879 3910 Mythol.
900 3833 943 3893 11:
966 3833 1006 3896 23
1028 3841 1074 3894 ost
1062 3813 1180 3894 tendere
1202 3835 1315 3894 studuit
1302 3840 1441 3896 tnnmeu

357 3940 420 3981 csse
440 3921 525 3982 ericae
546 3916 667 3995 originis
689 3922 720 3976 et
740 3917 921 3996 comparavit
941 3937 1005 3976 cum
1026 3911 1155 3996 adortos,
1176 3918 1269 3978 Greci
1291 3922 1441 3981 veroinde

358 4006 396 4065 ab
417 4003 568 4065 Herodoto
589 4003 629 4062 11:
652 4002 693 4065 49
714 4001 875 4062 Phoenicem
896 4003 1053 4080 appellant.

445 4091 473 4166 ⁵)
494 4086 640 4166 Imprimis
666 4086 771 4146 iubae
801 4106 833 4145 re
858 4087 975 4148 illustre
995 4092 1041 4146 cst
1062 4086 1229 4147 vaticinium
1251 4089 1439 4166 Hozechielis‚

359 4195 382 4232 c.
406 4172 528 4232 XXVII.

446 4257 528 4332 ⁶)cf
514 4254 785 4330 tMemmsenium,
810 4251 909 4315 Roem.
932 4254 1103 4315 Gosohichte
1124 4255 1180 4313 III:
1193 4255 1217 4316 1
