3380 5404
882 621 1017 732 38¹

361 833 437 900 dam
469 833 624 902 orationis
645 833 868 915 redundantia,
896 833 1024 900 minime
1045 857 1064 900 a
1086 835 1312 900 consuetudine
1340 835 1497 920 linguae

361 935 484 1002 Veteris
516 934 713 1000 Testamenti
744 935 926 1012 abhorreat,
949 957 1120 1017 sequamur
1144 935 1305 1018 potissime
1330 935 1495 1004 Sohroe·

362 1036 482 1101 derum.
537 1035 671 1100 Ewaldii
703 1035 888 1110 translatio:
923 1034 1040 1099 ”durch
1072 1036 1130 1100 das
1164 1032 1380 1119 Unterpfand
1422 1039 1494 1104 des

361 1137 554 1214 Senonum,
577 1136 698 1218 cogitat
719 1135 803 1200 enim
825 1135 865 1200 de
887 1137 996 1201 radice
1016 1137 1090 1217 libr,
1103 1135 1258 1224 orientem
1270 1157 1356 1202 sane
1370 1139 1490 1204 redo-

360 1240 421 1320 let;
453 1239 497 1312 ad
528 1237 644 1303 Latina
673 1238 777 1302 minus
809 1243 885 1320 apta
918 1245 976 1303 est.
1021 1238 1067 1304 De
1094 1237 1205 1303 ultimo
1226 1239 1321 1303 verbo
1352 1261 1492 1306 omnes

292 1374 294 1396 ι
360 1340 426 1406 fere
448 1340 654 1420 dissentiunt;
676 1333 854 1405 Bochartus
876 1339 1029 1406 derivavit
1049 1340 1191 1406 aradioe
1206 1358 1283 1420 aum
1298 1339 1489 1408 Gesenius

361 1440 425 1505 duo
446 1438 523 1503 ferri
544 1458 637 1522 posse
657 1439 736 1504 dicit
758 1437 920 1504 conferens
944 1458 1051 1519 aanor,
1075 1440 1211 1505 leslll:
1229 1447 1257 1520 5,
1274 1447 1294 1504 6
1310 1447 1351 1506 et
1368 1461 1488 1512 aaron
1510 1514 1513 1534 ,

360 1540 433 1606 Job.
455 1539 563 1603 XXX:
587 1544 644 1620 333
666 1538 826 1606 Ewaldius
848 1542 945 1605 habet
967 1539 1203 1605 substantivum
1225 1543 1382 1607 eradico
1402 1561 1487 1610 arras

361 1641 550 1720 formatum3
583 1639 766 1721 Moversius,
794 1640 961 1724 Hitzigius‚
985 1639 1192 1706 Schroederus
1214 1640 1325 1724 legunt
1355 1661 1487 1712 narnus

361 1743 539 1824 cogitantes
556 1741 610 1806 de
642 1741 752 1806 radice
780 1740 850 1809 auo.
894 1741 963 1824 Ego
985 1751 1101 1816 autem,
1123 1743 1149 1807 si
1170 1743 1213 1808 ad
1235 1750 1368 1808 tantam
1396 1765 1482 1809 oon-

357 1847 557 1928 jeoturarum
579 1841 692 1908 silvam
718 1841 841 1925 aliquid
863 1843 904 1907 de
925 1862 994 1906 meo
1017 1843 1136 1908 addere
1157 1865 1300 1924 conarer,
1323 1846 1395 1910 sub
1421 1845 1481 1910 his

361 1932 461 2008 literis
492 1944 633 2009 radicem
669 1959 738 2012 narr
766 1944 866 2008 latere
887 1945 1074 2027 suspicarer,
1098 1945 1184 2027 qnod
1205 1945 1238 2009 in
1259 1945 1320 2010 hae
1342 1967 1384 2011 re
1408 1949 1476 2012 im-

360 2046 518 2130 petranda
549 2048 655 2130 aptius
688 2051 738 2111 est
773 2046 905 2110 deorum
940 2047 1092 2112 auxilinm
1125 2055 1158 2112 ot
1179 2067 1307 2131 operam
1332 2050 1477 2132 precari

361 2171 458 2233 quam
479 2157 515 2214 ut
537 2149 668 2232 imperio
697 2158 729 2215 et
750 2149 875 2231 integro
897 2148 1003 2214 animo
1025 2150 1142 2215 adsint.
1187 2150 1289 2228 Quum
1312 2170 1363 2232 ea,
1390 2173 1472 2235 qum

360 2251 557 2334 palimpsesti
579 2255 714 2332 quartus
736 2271 845 2314 versus
868 2251 973 2327 habet,
996 2250 1113 2333 partim
1134 2250 1176 2315 ad
1198 2270 1245 2324 ea,
1269 2271 1342 2333 quae
1367 2262 1472 2318 ante-

361 2352 488 2425 cedunt,
509 2352 689 2434 pertineant
721 2357 754 2416 ot
788 2373 808 2416 a
840 2350 932 2415 nobis
954 2372 1050 2435 supra
1072 2352 1136 2416 sint
1157 2352 1314 2434 expedita,
1337 2354 1471 2436 partim

360 2454 538 2519 arctissime
571 2472 643 2516 oum
665 2471 758 2516 versu
786 2452 930 2534 sequenti
953 2453 1142 2526 cohaereant,
1163 2452 1212 2516 vel
1233 2453 1262 2516 ei
1283 2455 1470 2536 responde·

361 2559 427 2636 ant,
451 2553 511 2618 hoo
533 2553 603 2618 loco
625 2573 664 2618 ea
686 2551 861 2618 omittimus
884 2559 916 2616 et
938 2552 979 2618 ad
1002 2574 1030 2621 v.
1053 2558 1071 2619 5
1089 2553 1272 2618 transimus.

866 2717 907 2784 V.
930 2718 961 2786 ὅ.

383 2857 411 2918 1.
454 2853 546 2937 Bytlo
568 2853 731 2936 ilymmott
750 2853 892 2936 ynnocho
916 2853 1064 2918 thauleot
1087 2852 1363 2919 Antidamasoton

381 2957 411 3020 2.
458 2954 871 3020 Ttuaeoobioeoubr'osilli
886 2954 1139 3018 mbolimessomi
1151 2954 1351 3019 todumossoa
1377 2957 1463 3021 alim

382 3059 411 3122 3.
454 3055 549 3119 ans
570 3055 694 3120 eshaioc
715 3054 788 3118 silio
801 3073 873 3136 poa
895 3073 964 3118 erre
985 3055 1204 3118 othidmosooa
1226 3055 1319 3119 olem.

445 3155 483 3220 In
504 3154 564 3219 hoo
587 3175 679 3218 versu
700 3155 940 3236 interpretando
963 3154 1054 3218 valde
1076 3155 1267 3220 dissentiunt
1288 3153 1345 3219 viri
1360 3156 1460 3233 docti,

359 3277 462 3342 neque
484 3255 657 3341 quidquam
681 3263 797 3340 praeter
819 3275 933 3319 nomen
956 3258 1120 3339 proprium
1143 3255 1221 3320 satis
1243 3261 1381 3322 constat.
1427 3257 1460 3322 Si

360 3377 434 3424 vero
467 3359 607 3423 diversas
639 3376 860 3440 comparamus
892 3357 1076 3438 sententias,
1110 3355 1257 3420 bifariam
1279 3355 1365 3420 huno
1389 3378 1459 3422 vor·

214 3541 216 3552 ¹
260 3457 261 3460 ’
360 3479 431 3524 sum
464 3458 616 3542 explicari
649 3459 806 3537 videmus3
840 3466 962 3522 veteres
985 3459 1067 3522 onim
1090 3456 1164 3521 inde
1185 3480 1205 3522 a
1227 3457 1388 3522 Bocharto
1411 3461 1457 3524 ita

360 3559 482 3624 Punica
503 3559 665 3623 inchoant:
688 3579 747 3624 nnn
769 3573 873 3638 unum
896 3558 1070 3622 Moversins
1093 3568 1220 3650 vemet
1243 3557 1402 3638 Hitzigius
1425 3565 1481 3623 ot*
1533 3587 1535 3594 ⁴

361 3657 568 3728 schroederus
601 3657 721 3723 habent
753 3660 853 3724 nanta
881 3677 956 3724 nra.
1000 3658 1149 3724 Veterum
1171 3660 1197 3723 si
1220 3681 1240 3724 a
1262 3677 1311 3722 me
1334 3645 1453 3741 proba·

360 3749 449 3826 retur
482 3760 649 3836 sententia,
683 3758 885 3824 defenderem
919 3761 1037 3824 mutari
1070 3777 1192 3842 sapon
1221 3759 1347 3823 literam
1368 3762 1402 3825 in
1425 3764 1454 3840 Β,

325 3859 328 3868 ⁴
360 3880 528 3928 occurrere
562 3881 658 3944 porro
692 3861 775 3924 hanc
801 3861 903 3944 ipsam
926 3861 1179 3944 conjunctionem
1202 3861 1370 3943 particulae
1392 3878 1454 3931 unu

361 3983 434 4028 oum
465 3981 486 4028 a
517 3981 665 4046 porsaepe.
709 3960 818 4044 Neque
851 3967 957 4026 tamen
989 3961 1103 4027 horum
1125 3962 1253 4045 placent
1275 3965 1452 4058 sententiaa²

361 4063 447 4147 quod
469 4063 568 4129 multo
591 4062 662 4144 plus
690 4061 816 4128 Punicis
837 4083 933 4146 quam
956 4063 1080 4129 Latinis
1103 4063 1336 4144 contineantur,
1362 4065 1388 4129 si
1409 4065 1454 4130 ita

360 4165 513 4248 legamus.
556 4163 717 4229 Eualdius
738 4173 845 4229 autem
872 4164 1000 4229 uberius
1022 4163 1263 4248 explicationem
1286 4166 1452 4230 confirma·

362 4264 568 4344 retsvellem3
592 4283 692 4347 neque
715 4266 798 4330 onim
820 4266 905 4348 apud
928 4265 1079 4332 Hebraeos
1102 4282 1203 4346 noque
1219 4263 1384 4330 Chaldaeos
1399 4267 1450 4330 de-

362 4366 498 4430 rivatum
521 4365 587 4447 ejus
610 4365 742 4446 generis,
764 4367 849 4452 quod
871 4367 921 4431 hio
943 4367 1082 4432 invenire
1104 4364 1166 4430 sibi
1189 4366 1321 4446 videtur,
1344 4389 1450 4431 occur·
