3380 5404
812 611 904 670 wio

337 777 445 854 inuio,
478 792 573 853 auin,
606 777 639 840 in
671 774 787 859 quibus
809 773 970 840 Eualdius
992 795 1105 857 perum
1128 775 1224 840 certis
1246 775 1467 860 rationibue

335 876 447 942 suffixo
469 875 515 940 illi
536 877 731 942 extenunndi
752 876 814 940 vim
832 873 959 968 tribuit.

418 977 457 1042 In
488 977 548 1042 hoc
580 997 672 1042 versu
704 978 766 1042 duo
800 983 906 1042 textus
936 975 1027 1042 facile
1049 975 1131 1038 inter
1153 996 1187 1039 ee
1208 975 1462 1044 conciliantur.

228 1145 238 1162 ⁸
336 1077 510 1144 Moversiun
543 1078 764 1161 corrigendum
792 1097 860 1142 esse
881 1085 998 1156 censet,
1020 1075 1106 1160 quod
1129 1075 1224 1142 sitin
1246 1077 1461 1161 codicibus;

335 1201 394 1262 pro
427 1201 465 1244 eo
486 1199 526 1244 us
547 1179 624 1262 legit
651 1198 712 1248 une
733 1195 789 1263 tm
811 1178 902 1250 nobie
925 1199 999 1242 vero
1021 1177 1121 1242 tutius
1143 1178 1268 1244 videtur
1289 1180 1462 1244 retinere

336 1281 571 1348 substantivum
605 1297 692 1360 cion,
726 1278 902 1362 presertim
928 1299 1026 1361 quum
1048 1278 1166 1361 linguae
1188 1279 1348 1343 semiticae
1375 1299 1460 1346 om-

335 1382 411 1447 niuo
432 1383 492 1448 hac
513 1381 620 1446 radice
642 1387 784 1454 utantur,
808 1388 839 1446 et
860 1379 1039 1464 interjectio
1061 1397 1100 1463 pu
1123 1389 1374 1462 supervacanea
1391 1381 1457 1445 sit.

336 1483 485 1565 Sequitur
516 1500 690 1565 pronomen
721 1481 888 1546 relativum
923 1499 981 1558 cu,
1014 1481 1138 1562 dequo
1161 1481 1460 1563 supradiximus.¹

335 1583 498 1648 Ewaldius
531 1591 642 1647 contre
665 1581 760 1666 hujus
787 1581 876 1646 verbi
898 1583 1122 1648 auctoritatem
1144 1583 1297 1665 disputat,
1326 1591 1365 1648 et
1385 1605 1456 1648 ‚ex-

333 1684 472 1767 emplum
492 1683 580 1761 illud,
603 1682 688 1767 quod
709 1683 883 1760 attulimus,
917 1683 997 1746 nihil
1031 1681 1168 1766 probare
1189 1688 1293 1766 putat,
1323 1685 1455 1750 diceus

334 1783 469 1852 iormam
491 1783 581 1848 verbi
603 1795 679 1864 esee,
703 1804 782 1868 quae,
807 1784 834 1848 si
855 1785 999 1850 Arabum
1021 1795 1166 1850 sermone
1187 1783 1441 1867 exprimeretur

332 1891 418 1952 esset
451 1888 615 1954 iniadara.
659 1885 750 1964 Quod
783 1885 922 1967 quadam
944 1885 1085 1952 veritatis
1107 1886 1210 1968 speeie
1232 1885 1271 1950 de
1293 1885 1360 1952 hoc
1386 1909 1447 1952 ex·

335 1987 439 2069 emplo
471 1987 616 2065 dicatur3
638 1985 798 2068 permulta
820 2005 894 2050 vero
918 1998 1100 2064 occurrunt,
1124 1993 1160 2048 ut
1180 2003 1254 2052 riu*
1276 2004 1338 2062 un,
1364 2009 1448 2071 queo

323 2109 399 2152 ,non
420 2088 530 2153 eodem
552 2088 645 2152 modo
667 2087 811 2170 expediri
832 2095 974 2170 possunt.
1007 2086 1121 2154 Cetera
1141 2095 1199 2152 aut
1220 2086 1314 2152 facile
1335 2091 1446 2156 intel-

333 2189 487 2271 liguntur,
510 2193 568 2254 aut
590 2211 609 2255 n
631 2189 723 2254 nobis
745 2196 886 2254 tractata
908 2193 991 2253 eunt.
1021 2216 1023 2220 ·

1629 935 1630 976 l

1615 1263 1627 1311 4

838 2371 875 2438 v.
897 2349 929 2441 o.
958 2444 960 2449 ,

356 2513 384 2572 1.
435 2506 482 2571 ἵε
502 2504 655 2572 sidobrim
678 2503 780 2590 tlipfel
798 2507 856 2590 yth
879 2507 951 2591 chyl
970 2527 1010 2590 ys
1031 2508 1109 2574 cion
1132 2508 1213 2574 ilem
1237 2505 1314 2590 liful

357 2613 386 2674 2.
440 2605 582 2674 Ueduber
615 2606 692 2690 teset
723 2607 860 2672 denotem
882 2609 1210 2674 intemerabilem
1231 2615 1441 2675 ucommuiro

542 2707 628 2779 lusui
1307 2711 1308 2718 ’

355 2814 383 2874 3.
437 2808 579 2876 Uedober
601 2807 678 2891 tesel
698 2809 815 2875 onobui
837 2831 914 2875 unce
935 2811 965 2876 ei
990 2816 1056 2876 ium
1078 2831 1221 2876 comucro
1244 2809 1336 2875 lucei.

417 2911 456 2974 In
478 2929 604 2974 versum
626 2910 812 2974 i'ncillimum
835 2913 965 2992 cognitu
986 2911 1163 2976 Bcchartus
1184 2921 1216 2976 et
1233 2911 1442 2979 Bellermau·,

334 3015 406 3078 nius
424 3013 524 3077 multa
541 3013 716 3076 intulerunt
738 3033 820 3077 nove
841 3019 939 3095 atque
960 3013 1141 3086 artificiose,
1164 3034 1235 3096 quae
1257 3016 1435 3081 maximam

333 3123 457 3198 partem
491 3112 669 3195 ”turgidam
701 3096 815 3178 inortis
845 3115 1087 3196 descriptionem
1116 3115 1302 3196 continent”,
1326 3118 1436 3182 nteit

335 3216 496 3280 Gesenius.
543 3213 586 3279 Ut
618 3215 761 3280 videmus
787 3215 998 3292 ,Bochai-tum,
1021 3222 1161 3278 ceterum
1184 3216 1269 3280 hand
1291 3217 1433 3301 inceptui,
1540 3281 1541 3284 ,

338 3317 515 3400 simplicem
537 3317 729 3382 orationem:
755 3317 840 3381 ”eum
862 3317 974 3382 fecisse
996 3316 1095 3400 ajunt,
1118 3316 1179 3381 eibi
1201 3318 1287 3400 quod
1308 3319 1433 3384 faciun·

334 3419 410 3482 dum
441 3418 526 3498 luitl,
560 3417 619 3482 hac
652 3419 863 3484 translatione
886 3441 924 3482 ex
946 3417 1076 3483 Punicis
1097 3418 1246 3484 reddere:
1270 3420 1331 3483 ”vir
1354 3420 1434 3484 mihi

333 3519 515 3600 familiaris;
548 3519 602 3584 sed
634 3520 665 3582 in
689 3539 797 3584 eorum
819 3507 962 3585 coetibus
979 3520 1110 3603 junctus
1132 3529 1189 3600 est,
1211 3540 1347 3604 quorum
1372 3522 1432 3588 ha·

334 3623 448 3686 bitatio
480 3629 529 3684 est
559 3620 592 3684 in
630 3620 790 3701 cangium
834 3619 944 3703 Neque
967 3629 1074 3684 tamen
1097 3622 1228 3686 meliora
1251 3629 1335 3694 sunt,
1360 3643 1432 3706 quae

333 3720 469 3806 protulit
496 3718 650 3785 Gesenius
671 3723 747 3804 ipse,
770 3720 856 3802 quod
879 3742 918 3784 ex
940 3721 1007 3802 ejus
1030 3721 1297 3805 interpretatione
1318 3725 1432 3789 verbo‘

333 3842 406 3886 rum
440 3821 541 3904 ilipfel
559 3823 618 3905 yth
638 3822 711 3904 cipi
729 3841 770 3904 ys
792 3823 946 3896 videatur,
969 3842 1040 3905 queo
1061 3823 1116 3888 ille
1139 3821 1304 3887 Hebraicis
1326 3823 1429 3890 literis

333 3924 566 3990 transscribcns
589 3925 671 4013 'fibri
693 3926 793 3991 nibem
815 3924 926 3990 verti:
949 3925 1165 3990 ”contemnens
1186 3921 1277 3990 latua
1298 3925 1429 4010 loquen-
1485 4007 1490 4016 .

333 4027 406 4091 tes’¹.
450 4024 542 4090 Hunc
564 4033 671 4090 temen
693 4024 872 4108 explicandi
893 4027 1048 4092 rationem
1071 4034 1181 4110 postea
1197 4025 1337 4092 deseruit
1352 4032 1379 4105 ¹)
1398 4033 1430 4090 et

419 4229 447 4299 ¹)
468 4228 511 4290 of.
534 4229 649 4288 Gesenii
677 4231 858 4290 Thesaurum
882 4251 911 4310 p.
935 4228 1015 4292 1117
1039 4231 1079 4307 b.,
1101 4229 1151 4288 ubi
1175 4231 1229 4289 cub
1251 4231 1348 4289 radice
1370 4228 1427 4293 ‘ote

335 4314 435 4374 habet:
469 4312 595 4372 ”certum
628 4315 714 4392 huJus
748 4315 853 4376 radicis
893 4315 1048 4390 vestigium
1085 4315 1174 4374 hebes
1205 4315 1283 4392 apud
1316 4317 1426 4383 Poenos,

1223 5003 1630 5374 m
