3380 5404
762 571 802 637 39

224 734 310 822 r'it3'
328 740 383 806 ille
404 745 512 806 autem
540 757 640 822 neque
662 739 722 804 boc
742 738 872 803 verbum
895 733 996 822 neque
1018 736 1134 818 cetera,
1155 757 1227 824 qum
1248 759 1329 806 nova

224 843 339 909 textui
361 840 472 906 intulit
492 860 530 904 ac
552 861 619 912 sua,
641 839 771 904 uberius
792 839 979 923 explicavit;
1001 840 1098 906 verba
1119 848 1236 914 autem,
1257 860 1329 924 quae

225 944 367 1020 invenit,
388 941 421 1006 iu
455 962 631 1006 sermonem
660 939 884 1006 Germanicum
906 959 1060 1006 conversa
1081 961 1142 1006 non
1164 964 1185 1007 a
1207 941 1330 1008 Latinis

225 1045 421 1109 abhorrent.
465 1045 511 1108 Ac
544 1063 583 1108 ne
616 1042 750 1108 forsitan
773 1041 900 1108 Gesenii
922 1043 1144 1126 interpretatio
1167 1049 1206 1108 ut
1226 1043 1330 1109 facilis
1432 1101 1443 1118 ,

226 1152 334 1227 atque
366 1143 502 1227 simplex
531 1149 608 1226 apta
642 1143 797 1217 videatur,
830 1181 866 1192 -
898 1143 1102 1208 transscribit
1123 1143 1221 1209 enim:
1244 1159 1330 1212 nam:

227 1263 427 1331 arsen-nura
460 1246 514 1332 aba
547 1247 579 1312 a,
612 1265 694 1312 naun
727 1263 766 1328 iri
799 1265 859 1310 nia
887 1251 919 1310 et
942 1244 1051 1310 vertit:
1075 1245 1172 1311 ”Ante
1194 1253 1330 1310 mortem

149 1385 151 1393 =
228 1365 308 1412 ecee
324 1345 466 1418 amicitia
482 1353 580 1423 (erat)
594 1345 670 1408 mihi
683 1350 787 1408 tecum
800 1363 819 1408 o
832 1345 1018 1410 Antidama‘
1041 1382 1080 1394 ·-
1102 1345 1162 1410 hoe
1184 1344 1330 1412 animad-

226 1455 350 1524 vertas,
372 1446 473 1526 velim,
497 1446 655 1510 homiuem
677 1444 796 1528 alloqui
813 1463 913 1528 neque
925 1465 997 1510 cum
1011 1446 1132 1511 Latinis
1144 1465 1246 1530 neque
1258 1468 1331 1512 cum

227 1547 372 1626 Punicis,
386 1548 441 1612 ubi
464 1550 729 1611 commemoretur
751 1548 1007 1629 carroperam,
1025 1548 1202 1622 convenire,
1214 1545 1331 1613 deinde

227 1669 293 1730 pro
315 1649 465 1714 adverbio
487 1648 550 1712 loci
573 1647 668 1713 habet
689 1649 880 1731 particulam
904 1667 971 1713 aare
998 1656 1074 1732 (rra).
1118 1648 1260 1714 Transeo
1282 1648 1326 1714 ad

228 1749 435 1814 Moversium.
478 1741 736 1820 Aduimadvertit
767 1748 835 1832 ipse
868 1747 1103 1814 substantivum
1124 1751 1220 1826 artu,
1244 1745 1330 1832 quod

227 1857 284 1914 eat
305 1851 337 1914 in
359 1849 622 1932 Paralipomenia,
656 1872 718 1914 non
741 1850 875 1914 multum
898 1848 1010 1914 abesse
1032 1850 1073 1914 ab
1096 1868 1142 1928 eo,
1166 1851 1250 1933 quod
1272 1850 1330 1914 ha·

228 1952 310 2016 beat
342 1958 448 2015 textus
469 1950 617 2015 Punicur.
661 1949 791 2029 Deinde,
815 1971 877 2033 quo
903 1950 997 2034 hujus
1019 1950 1190 2034 explicatio
1214 1949 1331 2035 probe-

226 2059 297 2128 tur,
320 2057 426 2134 potest
447 2051 554 2116 afferri
577 2053 709 2116 verbum
731 2053 805 2117 aava
827 2071 888 2115 non
912 2069 1036 2133 semper
1047 2050 1227 2133 significare
1238 2059 1330 2115 reter-

228 2153 377 2227 nitatem,
411 2152 466 2216 sed
500 2153 540 2217 de
572 2154 683 2236 quovis
714 2159 836 2217 remoto
857 2157 1001 2235 tempore
1021 2152 1180 2236 usurpari,
1204 2160 1241 2216 ut
1262 2151 1328 2216 Jes.

228 2251 339 2317 XLII:
375 2256 425 2332 14,
459 2253 577 2318 XLVI:
612 2256 641 2329 9,
669 2253 771 2318 LVII:
797 2257 845 2330 11,
868 2252 923 2315 ubi
945 2252 987 2317 ad
1010 2252 1115 2318 exsilii
1138 2260 1263 2336 tempus
1285 2253 1330 2316 vi·
1450 2305 1453 2313 ι
1554 2285 1556 2292 v

227 2355 348 2419 deatnr
382 2353 501 2417 referri.
545 2353 622 2432 Quae
654 2353 768 2418 deinde
802 2358 986 2436 sequuntur,
1021 2355 1140 2435 optime
1172 2351 1331 2418 intellexit

228 2453 418 2534 Moversiua
452 2474 544 2538 quem
567 2454 667 2526 secuti
689 2464 765 2518 sunt
790 2453 950 2535 Hitzigius
972 2463 1004 2520 et
1025 2453 1242 2535 Scliroederus3
1266 2474 1329 2536 quo

230 2555 318 2620 enlm
340 2555 410 2619 loco
432 2554 593 2619 inculcare
620 2556 724 2622 conati
746 2563 822 2619 sunt
843 2553 942 2619 verba
963 2563 996 2619 et
1030 2555 1158 2620 radices
1188 2554 1330 2637 incogni-

230 2665 299 2736 tas,
332 2670 402 2739 quae
435 2659 624 2722 senteutiam
658 2657 829 2721 redderent
862 2656 1039 2731 molestam,
1061 2657 1113 2722 hio
1134 2658 1331 2735 adverbium,

138 2811 144 2820 .
231 2759 338 2842 cujus,
368 2757 428 2822 etsi
462 2780 524 2822 nun
558 2759 769 2841 compositum
796 2757 965 2832 iuvenitur,
986 2763 1095 2841 partes
1116 2765 1223 2822 tamen
1246 2758 1359 2842 apud¹
1457 2793 1460 2808 ν

232 2857 387 2926 Hebraeos
410 2867 591 2923 occurrunt.
634 2860 750 2924 Postea
773 2865 880 2924 textus
901 2859 1058 2924 recentior
1079 2857 1179 2924 habet
1201 2861 1332 2924 verbum

234 2959 399 3037 iliardae&
430 2960 576 3032 latinum,
599 2961 684 3044 quod
704 2965 753 3026 eat
785 2959 909 3044 hospes,
936 2961 983 3026 ita
1005 2961 1155 3039 converti,
1179 2964 1205 3026 si
1228 2970 1333 3027 cetera

233 3061 437 3134 conveniunt,
459 3068 605 3144 apparet.
648 3062 717 3140 Qua
739 3062 867 3144 quidem
890 3063 923 3126 in
946 3081 981 3126 re
1003 3062 1139 3128 maxime
1161 3063 1202 3126 de
1225 3062 1333 3126 radice

233 3161 302 3246 *abra
324 3160 529 3241 cogitandum
552 3168 609 3242 est,
633 3182 827 3244 quamquam
851 3183 912 3226 non
935 3170 983 3226 est
1006 3161 1195 3238 mirandum,
1219 3162 1244 3226 si
1257 3160 1331 3226 hos·
1436 3183 1440 3193 ’

233 3261 349 3346 pitium
371 3260 420 3324 vel
443 3262 556 3344 hospes
579 3263 610 3324 in
632 3281 775 3326 sermone
799 3259 960 3326 Hebraico
985 3281 1047 3324 non
1068 3259 1176 3334 babet,
1199 3262 1249 3324 cui
1267 3281 1332 3325 ras·

234 3361 383 3446 pendeat,
417 3381 514 3443 quum
542 3361 639 3426 Musis
661 3363 713 3426 lex
735 3383 808 3425 cum
831 3359 981 3442 gentibus
1003 3360 1177 3426 consociari
1200 3370 1333 3434 vetaret,

239 3461 380 3528 Babbini
398 3481 501 3544 neaera
524 3461 644 3528 habent
666 3464 877 3546 transscripta
899 3460 1015 3526 Latino
1038 3461 1199 3536 vocabulo,
1221 3484 1333 3545 quam·

235 3586 333 3648 quem
356 3562 590 3628 substantivum
614 3566 735 3635 martin
758 3562 818 3628 hac
841 3562 970 3626 notione
992 3565 1143 3646 usurpari
1166 3587 1228 3628 non
1242 3583 1333 3645 nego.

236 3666 299 3731 Sed
321 3665 408 3748 apud
430 3664 594 3728 Pnoenices
616 3665 710 3730 aliter
731 3665 798 3730 bac
820 3685 872 3728 res
894 3663 1121 3744 sesehabebat,
1135 3685 1237 3746 neque
1255 3671 1333 3747 puto

236 3769 394 3834 hominem
431 3765 613 3843 linguarum
646 3766 813 3832 ambarum
848 3764 986 3848 peritum
1019 3770 1085 3830 tam
1108 3767 1279 3830 artificiose
1301 3771 1334 3828 et

237 3871 385 3932 contorte
406 3867 609 3932 transtulisse
629 3867 765 3940 latinum
788 3866 1032 3942 substantivum,
1057 3873 1093 3929 ut
1114 3887 1172 3948 pro
1186 3869 1334 3930 concrete

237 3975 372 4051 poneret
398 3966 606 4048 abstractum,
629 3968 714 4050 quod
737 3967 883 4032 videlicet
904 3967 937 4030 in
960 3973 1048 4030 statu
1069 3975 1251 4034 constructo
1275 3987 1333 4030 nu-

239 4069 316 4133 mini
348 4066 527 4132 Antidamae
549 4068 762 4134 antecederet.
806 4067 975 4132 Praefixum
999 4067 1078 4131 illud
1100 4088 1132 4145 ri,
1156 4087 1252 4149 quum
1276 4066 1334 4130 ad-

238 4170 336 4234 datur
358 4166 574 4242 substantivis,
590 4170 761 4252 sepissime
782 4167 942 4234 actionem
964 4168 1130 4232 ostendere
1152 4185 1261 4230 verum
1277 4175 1335 4240 est,

231 4281 343 4355 'pauca
376 4274 480 4333 tamen
509 4270 669 4353 ¹ejusmodi
703 4269 880 4352 composita
913 4268 1056 4334 homiues
1090 4267 1273 4351 significant
1298 4276 1335 4333 ut
