3380 5404
879 686 919 762 '50

350 870 405 951 qui
427 866 658 952 appellabatur,
681 865 803 932 Punica
823 868 919 931 verba
942 866 984 931 ad
1007 866 1304 950 interpretationem
1315 866 1443 952 Milphi-

351 971 431 1048 o'nis,
454 989 547 1053 quern
570 969 692 1033 Punica
712 968 831 1051 optime
854 963 938 1032 scire
957 974 1094 1051 putaret,
1118 970 1244 1034 videtur
1258 971 1443 1034 correxisse.

350 1071 448 1136 Nobis
478 1091 553 1135 vero
582 1069 725 1136 homiues
746 1076 783 1133 ut
805 1069 1019 1152 Milphionem,
1042 1075 1075 1134 et
1096 1061 1151 1152 qui
1173 1069 1241 1153 ejus
1262 1069 1380 1148 fueript
1401 1071 1443 1134 si·

352 1175 447 1250 miles,
471 1174 526 1255 qui
548 1172 590 1236 ad
613 1171 720 1236 omnia
742 1171 898 1237 molienda
920 1172 1028 1254 parati
1049 1169 1119 1237 fora
1140 1192 1178 1237 ao
1201 1180 1361 1239 mercatus
1380 1173 1443 1239 fre·

350 1278 543 1356 cruentarint,
566 1293 612 1351 ea,
635 1292 706 1355 quae
728 1273 769 1336 ad
791 1273 949 1354 agendum
972 1281 1005 1336 et
1030 1272 1282 1338 contrahendum
1294 1295 1366 1338 cum
1380 1273 1445 1338 illis

349 1378 468 1440 luerint
501 1375 687 1451 necessaria,
720 1372 840 1437 Punica
873 1373 1021 1438 didicisse
1052 1372 1221 1456 probabile
1253 1379 1311 1453 est,
1333 1394 1444 1457 quam·

350 1479 397 1539 ris
419 1477 535 1557 liuguae
558 1474 695 1538 indolem
717 1481 814 1556 atquc
837 1462 986 1539 naturam
1009 1495 1073 1539 uon
1094 1453 1322 1559 perspexeridt.
1357 1474 1445 1540 Aosi

350 1578 426 1660 quid
460 1576 544 1642 illius
567 1577 771 1641 diasceuastae
793 1584 863 1641 arte
886 1572 1112 1660 adjuvaremur
1136 1577 1168 1641 iu
1191 1575 1320 1642 Punicis
1341 1575 1444 1661 expli-

350 1678 468 1756 candis,
503 1677 627 1742 codices
659 1678 705 1742 ita
737 1678 820 1742 iuter
853 1695 887 1746 se
919 1677 1140 1757 differuntut
1163 1675 1243 1742 nihil
1264 1677 1444 1760 impediret,

350 1779 517 1862 quominus
550 1777 630 1842 duos
664 1777 811 1861 pluresve
831 1781 863 1842 in
886 1776 918 1840 id
941 1798 1069 1859 operam
1092 1777 1265 1842 collocasse
1285 1783 1442 1842 statuere-

349 1901 464 1944 rcmus.
508 1879 626 1956 Quodsi
650 1879 716 1942 lraec
739 1879 845 1944 omnia
862 1875 955 1945 facile
967 1879 1107 1960 linguam
1120 1878 1323 1961 peregrinam
1337 1883 1444 1943 trans·

276 2051 278 2055 ,
350 1979 498 2044 scribenti
534 1978 632 2043 tribui
666 1983 814 2060 possunt,
849 1979 954 2061 potius
985 1984 1166 2044 statuamus
1198 1999 1272 2044 cum
1300 1978 1446 2044 Evaldio

350 2103 493 2145 scurram
515 2080 606 2143 illum
629 2077 843 2161 Milphionem,
866 2101 964 2162 quum
987 2079 1174 2144 Hannonem
1196 2080 1313 2145 Latina
1324 2081 1447 2145 nescire

350 2192 479 2265 putaret
512 2181 686 2264 harumque
718 2181 835 2246 Punice
869 2183 955 2265 loqui
988 2183 1125 2246 oblitum
1160 2201 1226 2247 esse
1249 2183 1388 2265 audiret,
1411 2191 1448 2248 ut

349 2285 488 2348 ludibrio
523 2289 616 2360 esset,
641 2289 775 2365 uterque
798 2283 895 2347 verba
920 2283 1083 2348 llannouis
1105 2284 1240 2364 Latinis,
1263 2305 1334 2366 quae
1357 2284 1446 2349 simi-

348 2385 393 2450 lia
425 2395 584 2460 sonarent,
618 2403 763 2466 perverse
786 2385 1029 2466 interpretatum
1053 2406 1133 2464 esse,
1157 2385 1257 2450 donec
1279 2385 1448 2452 Hannonis

350 2486 487 2550 convicio
510 2505 580 2548 eum
615 2483 830 2549 ”dissimulare
862 2505 895 2548 se
930 2486 1024 2549 scirel
1057 2486 1257 2568 intelligeret,
1279 2507 1318 2552 ac
1339 2507 1374 2552 se
1398 2488 1446 2552 ni·

350 2587 394 2650 hil
419 2586 529 2649 audire
552 2586 768 2650 confiteretur.
1291 2606 1294 2613 ¹

435 2685 480 2751 lle
513 2688 607 2770 primi
640 2686 735 2756 verbi,
768 2687 854 2768 quod
884 2697 932 2751 eet
954 2709 1021 2764 coe,
1044 2687 1240 2753 derivatione
1262 2694 1295 2752 et
1316 2691 1448 2753 notione

350 2807 458 2851 omnes
491 2788 712 2867 consentiuut3
736 2788 886 2853 diti'erunt
907 2789 947 2852 de
969 2790 1081 2852 l'orvna.
1126 2789 1173 2852 De
1194 2783 1260 2872 qua
1280 2811 1326 2868 re,
1348 2809 1448 2872 quum

348 2890 429 2952 elius
462 2886 551 2953 aliud
583 2888 737 2966 attulerit,
775 2889 907 2952 inclinat
938 2891 1072 2968 animus,
1095 2900 1130 2956 ut
1153 2891 1294 2974 llitaigio
1315 2913 1448 2957 consen·

350 2975 438 3066 tiam,
463 2988 516 3070 qui
539 2987 713 3070 perlectum
735 3007 803 3052 esse
824 2995 927 3071 putat,
950 2989 1128 3054 infinitivus
1149 2991 1235 3054 enim
1256 3011 1321 3054 nou
1338 2999 1449 3074 posset

350 3091 460 3170 augeri
486 3108 549 3151 nun
572 3088 627 3151 illo
650 3089 852 3170 paragogico,
875 3089 1082 3172 imperativus
1093 3089 1135 3156 ab
1150 3089 1207 3154 illa
1219 3091 1450 3156 terminatione

352 3194 451 3252 abest.
497 3189 531 3254 ln
555 3188 761 3271 sequentibus
783 3194 899 3263 autem,
922 3197 958 3254 ut
980 3190 1070 3255 uobis
1092 3209 1279 3274 persuasum
1289 3197 1350 3255 'est
1373 3187 1449 3254 Mil-

346 3291 494 3371 phionem
526 3292 622 3356 verba
656 3289 819 3356 Harmonia
842 3297 929 3356 recte
955 3292 1179 3377 interpretari,
1195 3291 1252 3373 ita,
1275 3293 1332 3376 qul
1353 3290 1447 3359 allati

350 3401 423 3456 suut
446 3390 626 3475 explicandi
659 3396 793 3456 conatus
825 3392 916 3457 nobis
939 3415 1002 3458 non
1026 3393 1257 3460 satisfecerunt.
1299 3389 1448 3458 Moversii

349 3491 520 3574 explicatio
552 3492 649 3556 altius
680 3498 730 3558 est
752 3493 863 3575 petita,
893 3493 1036 3576 Hitzigii,
1058 3496 1114 3577 qui
1136 3494 1268 3559 verbum
1289 3491 1448 3576 coptioum

349 3594 526 3665 inculcarit,
553 3613 683 3676 prorsus
716 3593 899 3677 rejicienda,
925 3615 997 3658 curn
1030 3593 1167 3661 Gesenio
1199 3602 1233 3662 ct
1259 3594 1448 3663 Sohroedero

347 3695 441 3758 facile
464 3695 606 3772 verbum,
631 3693 715 3776 quod
739 3700 788 3758 est
810 3693 988 3777 Karthago,
1011 3696 1112 3761 latere
1135 3705 1291 3780 putarem,
1314 3691 1448 3760 simodo

351 3796 571 3876 intelligerem,
594 3817 657 3879 qua
680 3797 796 3860 rationi
818 3796 887 3860 fieri
908 3805 1024 3880 posset,
1048 3808 1085 3864 ut
1096 3801 1296 3864 notissimum
1308 3797 1448 3875 verbum,
1469 3829 1472 3836 ·

354 3898 442 3978 cujus
476 3897 594 3961 melitio
627 3897 720 3960 lieret
751 3897 782 3961 iu
806 3896 938 3974 Latinis,
964 3906 1230 3983 corrumperetur.
1273 3897 1320 3964 Ut
1341 3905 1449 3964 autem

351 3999 392 4060 ad
424 3998 465 4069 id,
488 3998 572 4080 quod
601 3997 754 4080 sequitur,
776 4007 978 4063 transeamus
1000 3997 1186 4064 hebraicum
1208 4017 1278 4065 aava
1299 3997 1446 4082 agnosci·

352 4119 433 4176 mus,
458 4099 541 4182 quod
574 4121 671 4181 quum
705 4119 787 4182 saepe
820 4105 1040 4181 usurparetur,
1073 4099 1166 4165 facile
1188 4100 1449 4175 contrahebatur,

351 4199 616 4280 quemadmodum
645 4201 703 4264 hoc
726 4199 797 4264 loeo
821 4198 889 4264 fieri
911 4200 1061 4266 videmus.
1105 4199 1254 4265 Moversii
1276 4221 1373 4283 porro
1394 4219 1447 4264 ex-

355 4302 482 4382 plicatio
505 4302 672 4365 verborum
695 4301 888 4373 Phoenicum,
911 4323 982 4384 quae
998 4307 1190 4385 sequuntur,
1214 4309 1246 4367 et
1268 4304 1310 4368 ad
1330 4300 1446 4368 oratio-

354 4407 401 4465 nis
436 4405 678 4466 continuitatem
713 4403 851 4485 quadrat
890 4415 920 4467 et
956 4406 1051 4469 habet
1083 4405 1115 4469 in
1152 4407 1295 4487 cognatis
1329 4401 1448 4486 linguis
