3380 5404
872 595 951 679 34'

336 781 440 850 ¹snam
463 785 577 866 cuique
595 780 756 848 dederunt
776 781 1028 864 explicationem,
1049 783 1173 848 omissis
1195 781 1300 851 Petito
1330 791 1374 852 et
1396 783 1492 858 ‚Bel-¹

349 883 524 962 lermeuno,
557 903 693 965 quorum
724 881 959 965 explicationes,
992 903 1090 965 quum
1112 883 1314 966 palimpsesti
1345 883 1489 952 lectio·

350 1005 407 1050 nes
429 1006 492 1048 non
514 982 678 1062 haberent,
699 987 797 1064 atque
820 983 996 1057 orationem
1018 1001 1075 1065 per
1095 1005 1141 1046 vv.
1157 982 1328 1050 xl-xvl
1357 988 1485 1052 conti·

350 1085 443 1150 nueri
466 1084 712 1163 arbitrarentur,
740 1081 868 1148 insulse
889 1087 965 1167 suet
986 1092 1018 1148 et
1039 1103 1202 1166 perversae,
1227 1122 1266 1132 -
1290 1082 1485 1152 Gesenins

350 1188 434 1252 enim
456 1191 489 1250 et
511 1185 700 1250 Bcchartius
722 1193 754 1248 et
776 1183 937 1249 Ewaldius
959 1194 991 1248 et
1013 1184 1164 1250 Juuasius
1186 1185 1407 1272 reliquerunt
1422 1210 1480 1268 ea,

350 1309 422 1372 quoe
453 1296 527 1372 post
561 1307 686 1352 versum
708 1287 863 1351 decimum
886 1295 1070 1369 sequuntur,
1093 1288 1179 1369 quod
1201 1288 1372 1354 enucleari
1403 1275 1480 1356 non
1584 1333 1592 1340 -
1615 1311 1626 1338 ι’

350 1394 489 1473 possent,
523 1425 563 1437 --
596 1388 679 1452 inter
707 1385 896 1454 Moversiurn
919 1388 991 1452 dico
1013 1395 1045 1452 et
1068 1388 1242 1470 Hitzigiunr
1265 1397 1296 1456 et
1322 1388 1476 1458 schroe-

356 1488 468 1556 derum
490 1489 661 1556 admodum
684 1496 829 1558 constare
842 1488 915 1566 vidi,
938 1509 1009 1572 quae
1029 1490 1062 1554 in
1084 1511 1175 1554 versu
1197 1491 1344 1556 secundo
1371 1500 1475 1558 vete-

349 1591 394 1656 ris
426 1595 534 1656 textrm
568 1590 803 1659 contineantur.
851 1589 1057 1654 Schroerlerus
1089 1611 1162 1656 nero
1195 1599 1280 1655 recte
1315 1613 1363 1658 ex
1401 1613 1469 1676 pa·

349 1690 504 1774 limpsesti
526 1689 695 1772 scriptura,
718 1709 813 1772 quam
835 1690 974 1754 invenire
996 1689 1056 1754 eibi
1078 1689 1166 1756 visus
1188 1691 1470 1758 estStudemun-

351 1790 431 1870 dius,
456 1789 586 1860 verbum
609 1791 701 1860 batis
723 1789 796 1854 hnic
819 1789 922 1858 versui
943 1792 1045 1856 inesse
1068 1799 1171 1874 putat.
1209 1790 1316 1867 Quum
1343 1799 1468 1876 autem

240 1947 243 1962 ,
350 1892 383 1956 in
415 1891 604 1974 explicando
637 1889 734 1958 verbo
768 1891 841 1956 beat
872 1892 905 1956 in
938 1895 1030 1956 textu
1063 1889 1246 1975 depravato,
1269 1893 1324 1957 cui
1349 1896 1468 1962 simile

349 1991 471 2075 aliquid
503 1990 675 2073 respondet
706 1989 740 2054 in
772 1991 987 2074 palimpsesto,
1020 2011 1129 2059 omnes
1162 1992 1385 2076 cogitaverint
1421 1995 1466 2060 de

351 2093 458 2158 radice
481 2109 557 2170 cern,
575 2090 677 2174 magis
699 2091 732 2158 id
754 2091 856 2173 egisse
873 2093 1030 2173 videntur,
1054 2100 1090 2163 ut
1112 2104 1328 2175 congruerent
1344 2102 1464 2162 textus

305 2207 307 2215 ’
351 2195 509 2260 recentior
541 2200 573 2258 ct
595 2198 686 2259 vetus
708 2213 803 2275 quam
827 2200 871 2266 ut,
893 2192 979 2275 quod
1001 2193 1126 2260 haduis
1149 2194 1253 2260 verbis
1275 2199 1462 2280 responde,

291 2289 296 2300 '
351 2302 409 2374 ret,
438 2301 594 2362 eruerent.
637 2292 858 2359 Consideranti
881 2293 958 2357 mihi
980 2303 1088 2360 autem
1110 2297 1207 2362 verba
1231 2297 1370 2364 Latina:
1397 2297 1460 2362 ”Ut

351 2396 439 2480 quod
462 2395 502 2460 de
524 2415 595 2460 mea
617 2416 651 2459 re
674 2395 735 2458 lnuc
758 2395 827 2459 veni
849 2395 910 2460 rite
922 2397 1082 2473 venerim,
1095 2394 1197 2462 forma
1212 2398 1366 2479 quaedam
1385 2421 1460 2464 rer·

336 2499 383 2587 ¹bi
406 2517 462 2562 nm
484 2503 635 2580 prompta
657 2503 688 2562 et
710 2494 753 2560 ad
776 2505 882 2561 cetera
904 2501 981 2580 epta
1004 2498 1070 2562 visa
1091 2504 1148 2562 est.
1185 2498 1299 2566 Cetera
1323 2521 1408 2568 vero
1425 2507 1459 2566 ct

351 2596 492 2662 dilucida
513 2602 590 2662 eunt
611 2603 644 2660 et
665 2595 822 2681 simplicia
843 2616 910 2677 nec,
933 2618 1029 2693 quum
1052 2600 1193 2664 omnium
1215 2601 1456 2683 explicationes

350 2697 427 2764 ferri
447 2718 541 2781 posse
562 2695 741 2778 videantur,
763 2697 978 2780 disputatione
1001 2706 1095 2781 egent
1117 2701 1273 2769 uberiore.

849 2863 889 2930 V.
911 2865 942 2930 3,

374 3007 402 3067 1.
444 3001 488 3068 Li
502 3003 569 3084 piro
591 3002 704 3069 caneth
724 3001 782 3084 ptis
805 3002 938 3084 bynuthi
958 3004 1015 3072 iod
1035 3003 1129 3070 andin
1151 3003 1204 3070 bin
1226 3003 1260 3068 ai

373 3107 402 3170 2.
445 3101 493 3168 Ja
515 3102 640 3168 iacentia
661 3085 757 3167 icona
780 3102 920 3172 aloaimb
942 3104 1029 3170 atum
1053 3104 1146 3170 berid
1166 3103 1257 3170 ector

373 3208 402 3270 3.
445 3203 497 3272 Lo
520 3203 629 3270 locant
650 3202 763 3268 clena.

436 3308 617 3387 Antequam
649 3302 734 3368 huuc
767 3323 892 3370 versum
925 3311 1065 3371 tractare
1093 3305 1298 3380 instituimus,
1321 3312 1442 3372 certum
1511 3329 1514 3338 ·

352 3406 395 3472 eit
426 3411 523 3488 atque
554 3403 661 3478 fixum,
694 3406 852 3488 quomodo
887 3427 995 3472 versus
1027 3405 1144 3484 Latini,
1164 3407 1229 3490 ¹qui
1256 3416 1442 3489 sequuntur,

352 3505 564 3572 constituendi
596 3505 668 3585 sint,
692 3505 807 3588 quibus
829 3506 949 3570 Punica
970 3513 1045 3572 sunt
1067 3506 1265 3574 enucleanda
1287 3525 1384 3592 atque
1405 3507 1441 3571 il·

354 3607 533 3675 lustranda.
567 3605 659 3672 Hanc
680 3607 887 3689 questionem
910 3612 1026 3696 praeter
1048 3608 1127 3675 alios
1140 3607 1268 3674 Wexius
1287 3609 1443 3676 tractavit

352 3710 408 3794 qui
437 3709 470 3772 in
504 3709 587 3777 libro
619 3730 686 3787 suc,
709 3710 763 3791 qui
795 3708 981 3774 inscribitur
1003 3708 1222 3780 '’Meletemate
1243 3708 1386 3785 Punical,
1407 3714 1441 3774 ut

352 3796 461 3876 versus
494 3810 600 3876 Latini
634 3828 764 3874 numero
797 3808 924 3874 Punicis
947 3830 980 3874 se
1002 3817 1173 3893 aequarent,
1197 3826 1336 3872 versum:
1362 3811 1441 3894 ”quae

353 3912 430 3978 mihi
462 3916 616 3994 surreptae
649 3917 725 3974 sunt
747 3916 779 3974 et
799 3907 909 3974 fratris
933 3909 1055 3985 filium”‚
1078 3911 1187 3993 utqui
1210 3909 1353 3974 oratione
1373 3911 1439 3975 lan·

354 4013 451 4096 guida
472 4032 511 4078 ac
532 4032 765 4096 supervacanee
792 4011 915 4076 iteratis
937 4031 1063 4095 quoque
1086 4011 1189 4076 verbis
1210 4009 1332 4076 librarii
1355 4011 1438 4092 iuge·

353 4115 441 4180 nium
462 4114 621 4198 proderet,
644 4113 851 4196 rejiciendum
874 4133 941 4178 esse
963 4115 1095 4180 censuit.
1138 4112 1231 4178 Hanc
1252 4113 1436 4178 sententiam

355 4216 455 4280 secuti
478 4213 660 4292 Morersius,
683 4213 898 4292 Schroederus,
923 4211 1113 4298 Geppertius
1135 4213 1223 4278 illum
1246 4233 1368 4278 versum
1389 4234 1435 4276 su·

354 4317 531 4395 etulerunt;
565 4316 764 4382 retinuerunt
798 4315 932 4380 Weisius
966 4325 998 4379 et
1030 4314 1189 4382 Judasius.
1234 4315 1346 4379 Paullo
1372 4319 1437 4396 post
