3380 5404
908 621 946 682 12

384 785 423 850 iis
446 783 584 850 versibus
610 785 813 870 expediendis
833 803 961 869 operam
984 789 1254 868 consumpserunt,
1277 789 1370 860 ntea
1393 801 1466 866 quer

385 885 487 952 multe
506 891 539 952 et
555 884 685 951 diversa
705 885 745 950 de
766 886 816 952 hie
836 884 1046 970 protulerunt,
1067 886 1151 950 inter
1172 904 1206 950 se
1227 902 1411 968 comparare
1433 892 1470 948 et

380 985 525 1070 judicare
545 1005 668 1066 megum
690 985 820 1052 utilitati
838 1006 906 1052 esse
927 984 1081 1050 videatur.
1140 1023 1142 1028 .

827 1276 1026 1285 m

893 1554 957 1654 11.

385 1763 549 1886 Febnlum
569 1818 668 1901 illum,
690 1837 761 1904 qum
782 1816 908 1885 nomine
929 1817 1079 1887 Poenulus
1099 1819 1141 1886 ad
1163 1827 1303 1888 nostram
1319 1838 1465 1906 perman·

385 1923 427 1988 sit
459 1925 596 1995 estatem,
625 1920 697 2004 jure
718 1919 832 1986 Plauto
852 1917 951 1986 tribui
972 1941 1071 2004 quum
1091 1941 1131 1986 ex
1152 1921 1259 1987 multis
1279 1921 1349 1987 aliis
1370 1921 1466 1987 rebus

384 2022 476 2092 nobis
507 2023 716 2107 persuadetur
740 2027 809 2087 tum
827 2021 946 2107 judicio
968 2023 1118 2089 Varronis
1139 2022 1171 2089 in
1194 2023 1339 2089 omnibns
1359 2023 1464 2102 rebus,

385 2144 455 2210 quae
476 2123 519 2190 ud
538 2122 774 2206 antiquissimas
799 2121 939 2207 pertinet
959 2121 1173 2189 Romanorum
1193 2123 1327 2212 litteras,
1349 2124 1464 2190 summi

384 2234 417 2294 et
448 2223 624 2309 gravissimi
643 2223 796 2292 auctoris
835 2223 896 2302 Qui
927 2243 1026 2307 quum
1045 2227 1090 2290 'ex
1112 2222 1229 2290 cxxx
1249 2224 1315 2289 fere
1335 2221 1461 2304 fabulis,

383 2348 455 2412 quae
487 2325 594 2393 Plauti
625 2325 684 2392 sub
715 2324 840 2389 nomine
870 2324 1055 2391 ferebantur
1085 2324 1270 2410 conscriptae
1301 2329 1374 2409 post
1394 2327 1462 2411 ejus

262 2469 267 2478 -
383 2432 518 2494 mortem
540 2428 584 2493 ab
602 2429 652 2508 iis,
674 2425 729 2513 qui
750 2427 878 2510 cognito
899 2428 1026 2493 nomine
1047 2435 1080 2494 et
1099 2428 1245 2513 praeclari
1265 2427 1466 2496 hominesal-

384 2528 478 2594 licere
498 2528 656 2608 volebant,
678 2525 756 2592 XXI
778 2527 961 2614 excepisset,
983 2519 1098 2614 quib'us
1118 2528 1273 2614 imprimis
1292 2528 1388 2594 fidem
1408 2529 1467 2596 ha·

384 2627 490 2710 bebat
523 2650 655 2714 qumque
677 2648 786 2694 omnes
806 2635 924 2714 prester
946 2629 1142 2696 Vidulam'um
1163 2629 1206 2695 ud
1228 2650 1286 2695 nos
1306 2631 1467 2714 pertinue-

384 2737 468 2811 runt,
499 2732 549 2796 his
580 2731 628 2795 ait
659 2749 693 2795 se
713 2747 924 2798 annumerare
945 2729 1122 2810 Poenulum,
1144 2728 1261 2796 etalio
1286 2728 1356 2796 loco
1375 2728 1468 2798 affert

385 2832 561 2917 exemplum
594 2851 634 2896 ex
656 2830 715 2895 hoc
741 2830 812 2915 ipsa
833 2831 952 2902 fabule,
973 2853 1037 2915 qua
1058 2851 1093 2898 re
1113 2830 1253 2904 ostendit
1272 2830 1356 2897 hauc
1376 2833 1467 2899 fabu-

383 2934 447 2998 lam
469 2930 604 3016 probum
627 2951 665 2995 ac
686 2934 847 2995 uetustum
868 2929 968 2995 Muses
988 2931 1234 3012 Pleutiueeopus
1247 2931 1307 2994 sibi
1321 2931 1419 2996 videri
1432 2937 1467 3009 ⁹)·

383 3031 477 3124 Unde
508 3029 641 3096 Plautus
662 3029 746 3095 hanc
766 3027 906 3096 fabulum
929 3031 976 3094 vel
998 3031 1084 3095 certe
1105 3029 1269 3093 materiem
1290 3033 1466 3114 sumpserit,

384 3129 536 3199 discimus
566 3152 605 3195 ex
636 3130 761 3215 prologi
793 3153 840 3196 vv.
873 3135 923 3206 53,
956 3135 996 3198 54
1010 3135 1065 3209 ¹⁰),
1097 3151 1176 3214 quos
1198 3129 1257 3195 etsi
1278 3130 1467 3198 Ritschelius

470 3306 499 3378 9)
520 3302 563 3362 De
594 3303 647 3364 hec
678 3323 711 3364 re
743 3303 802 3366 vid.
823 3295 1033 3366 Retectclinm
1054 3300 1198 3380 lPercrgu
1222 3303 1260 3364 sd
1281 3301 1416 3363 Plautum
1437 3309 1467 3362 et

387 3388 580 3448 Terentium:
601 3409 630 3466 p.
653 3386 707 3448 75:
729 3388 807 3448 ”ch
838 3407 947 3448 unsern
969 3387 1107 3464 heutigen
1129 3386 1256 3446 Sttclren
1277 3387 1343 3448 sind
1365 3408 1395 3446 es
1417 3403 1468 3446 zu:

385 3471 487 3532 ntehat
518 3473 566 3542 clf,
587 3474 640 3532 eus
667 3472 772 3532 welche
793 3471 897 3541 (litate,
919 3473 966 3532 die
989 3472 1081 3530 Varro
1102 3470 1306 3530 ausdruekliah
1327 3470 1381 3529 mit
1401 3471 1464 3530 dem

384 3557 474 3616 Name
495 3556 546 3615 des
567 3557 689 3616 Plautus
709 3557 774 3631 gibt
794 3555 1043 3632 zurtickzugehen.
1064 3555 1177 3614 obwohl
1198 3555 1245 3614 die
1267 3555 1465 3614 Stiickenicht

384 3645 513 3718 genennt
544 3640 632 3712 sind”;
664 3639 771 3700 multos
802 3641 888 3700 effert
918 3641 1004 3716 locos,
1025 3639 1103 3698 inter
1124 3657 1197 3716 ques
1218 3638 1329 3698 Poenuli
1351 3638 1392 3697 V:
1415 3637 1464 3700 68.

384 3725 447 3786 Hoc
466 3723 532 3782 ideo
553 3724 649 3802 attuli,
661 3723 739 3801 quod
765 3725 842 3802 apud
863 3722 1002 3784 Weisium
1024 3723 1152 3782 dubitari
1173 3721 1313 3793 videbam,
1336 3743 1403 3782 num
1426 3723 1464 3783 sit

384 3808 522 3868 Plautina
552 3807 648 3867 lisbula
669 3807 805 3868 Poenulus
827 3809 876 3878 (cf.
897 3807 996 3866 Plauti
1017 3807 1161 3868 Gomoedd.
1188 3807 1232 3867 ed.
1255 3805 1287 3865 (l.
1309 3807 1346 3869 Η.
1368 3807 1463 3867 Weiss

383 3891 556 3969 quedlinbg.
589 3890 680 3964 1848,
712 3891 761 3952 ubi
785 3898 852 3971 post
873 3891 1058 3952 summarium
1085 3891 1225 3968 scriptum
1259 3897 1317 3953 est:
1351 3889 1453 3951 ”Scene

385 3983 430 4036 eet
450 3975 480 4034 in
499 3975 654 4054 Calydone.
696 3977 808 4037 Fabula
828 3976 877 4037 vix
897 3976 1034 4036 videntur
1053 3975 1150 4034 Plauti
1162 3975 1265 4046 essel).

457 4061 502 4133 ¹⁰)
521 4062 556 4120 ln
587 4061 732 4122 codicibus
761 4065 794 4120 'et
824 4061 902 4140 apud
934 4059 1074 4120 Weisium
1105 4058 1136 4117 hi
1168 4076 1269 4120 versus
1301 4059 1344 4119 itu
1365 4049 1464 4137 scripti

386 4143 587 4206 inveniuntur:

550 4223 802 4292 ”Carchedonius
822 4232 952 4292 uocatur
972 4226 1036 4290 liceo
1057 4223 1204 4290 comedia

547 4308 663 4375 Latine
686 4309 823 4376 Plautus
841 4317 981 4390 patrous
1003 4309 1305 4390 Peltaphaponided,
