3380 5404
870 641 911 704 20

320 809 451 903 ⁸tentus
473 801 575 869 versio
597 807 630 872 in
652 805 785 872 eandem
806 804 947 888 linguam
970 804 1129 871 oriretur?
1160 807 1383 876 Intuentibus
1396 831 1474 875 no-

343 905 393 970 bis
424 923 585 970 sermones
618 905 754 971 Punicos
786 925 843 990 per
875 906 1014 972 diversor
1041 911 1132 972 actus
1153 908 1276 975 diversa
1298 917 1476 993 apparet

341 1007 502 1074 scribendi
523 1009 606 1074 ratio
628 1007 662 1073 in
683 1010 731 1090 iis,
744 1028 815 1091 quae
837 1009 884 1074 bis
905 1018 1088 1075 occurrunt.
1121 1009 1197 1075 Haeo
1219 1017 1328 1076 autem
1357 1015 1470 1080 vari·

254 1099 255 1110 ’
343 1117 413 1176 etas
435 1109 560 1174 duabus
582 1127 621 1174 ex
647 1110 742 1175 rebus
765 1109 914 1182 cernitur,
936 1111 1074 1194 primum
1095 1110 1177 1175 enim
1199 1110 1295 1176 litera
1316 1115 1473 1182 vocalis

341 1231 363 1293 p
394 1209 428 1274 in
460 1208 568 1274 decem
590 1211 701 1294 primis
722 1210 865 1275 versibus
887 1209 1058 1275 identidem
1080 1211 1228 1291 occurrit,
1255 1213 1286 1276 in
1312 1214 1468 1282 ultimis

342 1330 417 1376 vero
438 1315 471 1375 el
491 1312 540 1389 iis,
556 1333 626 1395 quac
638 1331 677 1375 ex
699 1311 910 1396 Palimpsesto
932 1310 1109 1393 intelligere
1130 1312 1204 1377 licet
1225 1331 1379 1396 parram,
1396 1316 1466 1382 de·

342 1411 419 1478 inde
439 1413 537 1478 etiam
558 1414 591 1475 in
613 1411 760 1477 consonis
784 1411 885 1477 literis
906 1411 1124 1495 significandis
1142 1405 1271 1479 'diversa
1291 1417 1390 1482 ratio
1417 1417 1466 1484 fit

342 1513 521 1596 conspicua.
564 1511 720 1590 Quoniam
741 1519 848 1579 autern
870 1513 902 1578 hi
924 1520 1032 1578 textus
1043 1513 1201 1580 diversam
1211 1514 1364 1582 indicent
1384 1519 1464 1584 ori-

343 1613 460 1696 ginem,
483 1621 558 1678 uter
581 1621 630 1679 est
650 1615 812 1697 antiquior
834 1613 1020 1680 habendus?
1062 1613 1100 1679 In
1122 1614 1334 1698 Palimpsesto
1363 1619 1459 1684 Am·

343 1715 502 1796 bronium,
535 1735 628 1798 quem
662 1715 766 1781 Maius
793 1723 887 1799 putet
908 1736 975 1780 esse
997 1715 1174 1808 conlectum
1200 1709 1487 1786 Antoninorum

342 1825 498 1902 tempore,
521 1810 712 1882 Ritsclielius
735 1819 833 1884 multo
854 1823 961 1898 antea,
983 1811 1093 1883 ultimi
1110 1823 1237 1884 tantum
1258 1838 1377 1886 versus
1402 1824 1460 1889 in-

240 1919 241 1922 ’
342 1918 512 1992 veniuntur
532 1919 651 2002 scripti,
674 1917 730 1984 sed
752 1938 884 1985 numero
900 1917 1025 1985 Latinis
1040 1919 1103 1984 illis
1115 1923 1456 2003 aquanturuantum

343 2019 427 2084 cuim
439 2019 538 2092 abest,
550 2022 588 2083 ut
601 2038 659 2104 pro
675 2021 792 2104 spuriis
810 2019 874 2084 sint
890 2019 937 2084 illi
958 2039 1067 2084 verens
1078 2019 1225 2096 habendi,
1238 2027 1275 2085 ut
1286 2022 1456 2104 primaria

343 2141 379 2184 oe
389 2138 457 2206 esse
472 2138 526 2184 eos
537 2125 641 2202 putet)
654 2125 695 2197 et,
708 2124 867 2204 quotenne
878 2119 956 2184 satis
967 2118 1105 2184 dilucide
1111 2120 1361 2202 conspiciuntur,
1376 2143 1454 2188 me-

343 2222 394 2304 gis
405 2239 478 2286 eum
490 2218 612 2286 Latinis
623 2221 822 2297 conveniunt,
835 2240 931 2304 quam
943 2239 999 2284 sex
1012 2219 1185 2304 ultimi‚qui
1197 2219 1324 2285 scurrili
1339 2225 1453 2290 ratio-

344 2339 385 2388 ne
406 2321 573 2406 depravati
593 2313 668 2386 eunt
694 2329 729 2386 et
749 2319 898 2400 contorti,
919 2328 956 2385 ut
976 2321 1024 2394 iis,
1046 2341 1116 2405 quae
1138 2323 1170 2385 in
1192 2321 1349 2405 proximis
1374 2344 1451 2390 sce-

342 2424 393 2501 nis
416 2421 628 2503 inveniuntur,
640 2421 802 2499 eccidisse,
823 2421 901 2488 satie
922 2420 1073 2488 videmus.
1106 2420 1451 2492 GeteraveroPunioa

343 2521 502 2590 scribendi
524 2525 648 2590 ratione
668 2520 710 2586 ad
730 2520 935 2606 Palimpsesti
957 2528 1078 2587 textum
1102 2530 1134 2586 et
1155 2522 1284 2588 ultimos
1299 2543 1358 2590 sex
1371 2543 1448 2594 rer·

343 2643 399 2690 sus
428 2623 585 2690 accedunt
605 2643 703 2706 quam
727 2624 879 2708 proxime.
922 2623 999 2702 Quae
1019 2643 1118 2708 quum
1138 2623 1185 2689 ita
1206 2622 1278 2704 sint,
1300 2635 1449 2710 apparet

254 2741 257 2763 ¹
343 2731 467 2792 textum
489 2722 691 2809 Palimpsesti
717 2743 786 2790 esse
807 2723 1031 2807 antiquiorem,
1053 2723 1109 2790 sed
1127 2723 1195 2808 jem
1216 2725 1251 2789 in
1272 2744 1348 2792 eum
1371 2749 1447 2794 cor·

342 2824 503 2910 ruptelam
524 2825 677 2892 invasisse
698 2825 785 2904 dicit,
808 2830 842 2891 et
862 2825 1050 2891 correctoris
1071 2846 1201 2910 operam
1221 2843 1289 2890 esse
1310 2827 1446 2896 adhibi·

343 2937 421 2994 tam.
465 2925 570 3003 Quum
601 2946 676 2992 vero
707 2925 824 2991 fabulis
844 2925 1002 2992 Plautinis
1024 2945 1158 3008 magnus
1176 2924 1279 2992 bonor
1300 2926 1443 2996 habere·

343 3033 398 3094 tur
419 3036 452 3092 at
473 3045 556 3110 eaepe
577 3025 776 3105 docerentur,
797 3024 853 3090 sed
874 3025 995 3092 Punica
1016 3025 1113 3090 rerba
1134 3025 1182 3090 ita
1202 3025 1373 3110 depravati
1391 3047 1444 3092 es·

327 3136 423 3212 'sent
445 3136 483 3194 ut
503 3125 581 3193 nihil
603 3126 692 3194 exiis
712 3145 886 3210 agnoscere
905 3125 1026 3210 liceret,
1047 3125 1178 3194 Latinos
1199 3145 1309 3192 versus
1331 3128 1441 3196 denuo

342 3227 583 3298 transferendos
614 3231 776 3294 curarunt.
820 3225 872 3292 Sic
894 3225 1048 3294 conflatos
1068 3247 1137 3292 esee
1158 3226 1295 3293 sedecim
1316 3249 1440 3308 versus,

343 3349 423 3414 quoe
444 3330 478 3395 in
499 3328 646 3403 omnibus
667 3327 829 3396 codicibus
850 3335 966 3414 praeter
986 3328 1229 3413 palimpsestum
1248 3332 1437 3414 reperimus,

200 3454 202 3464 ’
307 3423 309 3428 ’
344 3432 452 3498 docuit
483 3431 669 3498 Morersius.
712 3429 863 3516 Magnam
886 3451 960 3496 vero
987 3430 1204 3497 diversitatem
1224 3433 1258 3496 in
1279 3429 1383 3497 literis
1405 3441 1438 3497 et

343 3532 447 3599 rerbis
467 3521 643 3599 scribendis
674 3532 708 3596 iu
729 3533 909 3615 linguarum
930 3533 1072 3616 ipsarum
1093 3531 1306 3598 diversissima
1326 3531 1437 3598 indole

343 3635 480 3720 positam
512 3652 581 3698 esse
613 3633 799 3712 arbitratur,
831 3637 865 3699 et
896 3633 1029 3698 eandem
1054 3633 1300 3699 inconstantiam
1321 3631 1434 3718 depre-

344 3735 450 3816 hendi,
481 3733 748 3819 quandocunque·
767 3733 926 3800 Hebraico
958 3734 1055 3800 verba
1087 3731 1206 3799 Graecis
1237 3733 1288 3798 vel
1309 3733 1433 3800 Latinis

342 3836 443 3903 literis
464 3833 650 3900 reddantur.
710 3859 712 3864 ¹

428 3936 491 4004 Sed
523 3935 584 4002 hoc
617 3938 713 4003 etiam
745 3956 901 4014 concesso,
934 3934 1011 4001 licet
1032 3934 1130 4001 rerba
1151 3933 1310 4000 Hebraico
1330 3934 1430 4002 literis

344 4039 469 4108 Latinis
490 4033 616 4122 scripta
632 4037 766 4104 easdem
781 4036 945 4122 praebeant
966 4035 1246 4115 dissimilitudines,
1257 4037 1429 4118 quasinter

344 4141 424 4222 duos
445 4148 552 4208 textus
573 4141 756 4226 invenimus,
769 4161 832 4205 non
855 4159 932 4204 caen
952 4135 1072 4206 facturn
1094 4156 1162 4200 esse
1183 4135 1364 4218 ridetur,ut
1377 4135 1427 4202 hic

344 4242 408 4319 illa,
439 4241 504 4309 illic
536 4239 639 4308 altera
670 4239 828 4320 scribendi
850 4258 962 4304 norma
987 4257 1044 4335 per
1066 4227 1168 4304 totam
1189 4229 1366 4304 orationem
1386 4239 1426 4302 sit
