3380 5404
755 585 794 646 35

226 749 307 814 hanc
341 748 547 831 questionem
578 751 758 812 retractans
790 747 855 813 alia
876 747 1007 814 molitur
1029 737 1180 814 Wexiusz'
1197 748 1317 814 nemini

226 872 289 914 nnn
311 870 466 932 apparere
487 848 664 913 arbitratur
685 850 781 912 verbu
802 849 875 915 illa:
899 849 945 913 ”et
966 849 1075 914 fratris
1096 847 1317 916 filinmlritio·

226 971 259 1016 se
290 951 324 1013 in
357 951 534 1014 oraticnem
567 949 740 1032 irrepsisse.
772 969 869 1033 quum
902 949 1111 1031 Agorastoele
1128 949 1195 1032 jam
1218 969 1316 1034 puero

226 1059 374 1135 surrepto
406 1051 508 1116 multu
542 1059 618 1116 ante
650 1058 784 1116 mortem
811 1052 963 1118 Jachonis
984 1073 1017 1117 se
1039 1073 1112 1117 enm
1133 1052 1318 1117 inventuros

228 1171 295 1218 esse
328 1152 545 1235 desperarent,
579 1159 611 1216 et
632 1150 716 1216 hanc
738 1152 951 1236 corruptelam
974 1153 1183 1216 diasceuastae
1204 1152 1319 1216 tribuit

227 1255 309 1320 niele
340 1253 459 1319 Punica
491 1253 725 1334 interpretanti.
769 1253 911 1318 Tertium
932 1253 1032 1336 igitur
1053 1274 1178 1320 versum
1198 1255 1246 1320 ita
1267 1272 1320 1318 re·

227 1354 347 1422 stituit:

310 1457 473 1538 ”measque
495 1454 547 1519 lric
569 1459 606 1519 nt
628 1461 750 1535 gnatas,
773 1475 844 1536 qnae
866 1462 1019 1538 surrepta
1041 1461 1118 1521 sunt
1138 1456 1215 1521 mihi

309 1557 449 1640 reperire
471 1575 520 1620 me
542 1552 650 1625 simiis,
673 1554 875 1620 Divostram
897 1555 1018 1621 fiusmt

227 1656 320 1720 Hunc
341 1658 387 1720 ita
408 1656 622 1738 disputantem
645 1663 772 1750 secutus
794 1661 842 1719 cst
863 1655 1030 1738 Hitnigius,
1053 1658 1317 1724 conceditautem

226 1777 319 1821 versu
340 1758 386 1822 ita
408 1756 591 1835 constituto,
615 1775 686 1838 qna
707 1757 922 1840 respondeant
942 1757 1072 1836 Punica,
1094 1759 1225 1841 cognitu
1237 1759 1319 1824 diffi-

227 1857 339 1922 ciliora
371 1856 449 1920 fieri.
494 1855 555 1920 Sed
588 1858 908 1940 praeterquamquod
932 1857 1320 1924 nonfacilaestiutelli·
1402 1911 1406 1928 .

227 1978 311 2040 gere,
332 1979 396 2040 qua
418 1958 542 2021 ratione
564 1957 689 2022 dnobus
711 1958 787 2022 locis
809 1959 876 2022 hac
898 1959 995 2023 rerba
1017 1961 1050 2024 iu
1072 1968 1195 2024 textum
1217 1961 1320 2026 incul-

227 2057 293 2122 cari
327 2059 501 2139 potuerint,¹
520 2058 642 2141 antiqui
665 2061 846 2142 scriptores,
869 2061 896 2123 si
917 2060 1031 2137 omnia,
1056 2081 1126 2144 quae
1148 2062 1261 2127 melius
1283 2082 1321 2126 ac

226 2158 367 2223 limatius
400 2157 497 2223 scribi
530 2163 712 2241 potuerunt,
745 2158 858 2222 tollere
879 2160 1041 2238 vellemne,
1062 2181 1193 2244 prorsus
1215 2167 1322 2228 essent

227 2259 397 2339 reficiendi,
419 2259 625 2344 quamobrem
646 2263 765 2344 rejecta
787 2261 848 2327 hac
869 2263 1069 2328 dubitatione
1090 2262 1226 2329 alteram
1248 2285 1320 2330 sen·

228 2362 370 2439 tentiam,
392 2381 486 2443 quam
521 2362 671 2442 gravibus
704 2362 884 2427 rationibus
906 2343 1113 2443 confirmavit,
1134 2365 1215 2429 alios
1235 2366 1320 2430 viros

229 2461 341 2528 doctos
364 2470 501 2539 secutus,
523 2462 704 2546 accipimus.

312 2562 425 2627 Latino
458 2569 549 2628 textu
581 2565 627 2628 ita
659 2563 842 2644 constituto,
865 2565 891 2628 si
924 2564 967 2630 ad
994 2565 1321 2654 Punica'transimuS,

226 2663 292 2748 jam
315 2666 417 2747 primo
438 2671 570 2748 aspectu
597 2671 732 2747 apparet
753 2664 834 2729 duos
857 2670 964 2731 textus
986 2667 1069 2732 inter
1091 2686 1125 2731 se
1145 2666 1237 2731 valde
1259 2666 1322 2732 dis·

229 2765 347 2831 similes
381 2787 458 2842 csse,
481 2785 674 2848 quamquam
697 2784 736 2828 ex
758 2773 848 2830 textu
870 2765 1044 2849 depravato
1067 2767 1219 2832 nonnulla
1240 2767 1322 2832 exci-

229 2864 346 2930 derunt
377 2875 410 2930 et
437 2866 633 2949 palimpsesti
656 2867 753 2930 verba
776 2887 839 2930 non
862 2868 940 2932 satis
963 2867 1102 2932 dilucide
1124 2867 1323 2950 conspiciun-

229 2975 292 3032 tur.
337 2967 469 3032 Veteres
501 2967 561 3047 illi,
589 2967 644 3051 qni
667 2987 800 3046 versum,
824 2987 919 3050 quem
940 2990 1042 3052 nuper
1063 2969 1243 3048 delevimus,
1265 2990 1324 3052 pro

230 3067 352 3132 sincero
369 3066 530 3134 habebant
550 3089 589 3133 ao
614 3069 772 3146 Plautino,
794 3089 891 3150 quum
915 3071 1021 3144 verbo,
1043 3070 1130 3153 quod
1151 3069 1324 3151 surripien-

229 3167 262 3231 di
285 3167 549 3248 significationem
570 3168 713 3243 haberet,
735 3189 815 3251 opus
837 3177 929 3245 esset,
952 3171 1009 3234 iad
1029 3171 1123 3236 cedia
1144 3168 1325 3234 retulerunt

230 3267 271 3332 ad
306 3265 446 3330 radicem
479 3286 560 3345 rrae,
592 3269 682 3352 cujus
714 3268 904 3350 significatio
937 3269 970 3332 in
994 3271 1114 3350 lingua.
1153 3269 1323 3351 Hebraica,

230 3389 329 3451 quum
351 3387 414 3432 non
437 3366 618 3450 quadraret,
641 3391 661 3432 a
683 3367 800 3450 linguis
829 3368 967 3452 Arabica
990 3378 1021 3433 et
1043 3367 1216 3435 Chaldaica
1238 3369 1324 3435 simi·

230 3467 382 3533 litudines
414 3469 601 3550 petiverunt.
646 3468 845 3533 Moversiana
878 3490 985 3534 rerum
1008 3471 1189 3554 explicatio,
1211 3493 1324 3554 quam·

231 3588 328 3651 quam
360 3569 483 3652 praebet
515 3569 616 3635 multa
647 3591 730 3635 nova
763 3579 796 3634 et
827 3569 956 3634 insolita
977 3570 1034 3636 illa
1055 3572 1194 3655 quidem,
1218 3581 1325 3638 tamen
1367 3638 1371 3645 ,

232 3674 279 3738 ita
311 3677 360 3736 est
392 3671 495 3736 facilis
530 3679 628 3756 atque
659 3681 807 3756 prompta
839 3673 947 3738 Latini
969 3693 1077 3738 versus
1100 3675 1265 3758 expositio,
1288 3681 1326 3740 ut

232 3778 348 3854 praeter
381 3773 525 3837 Wexium
560 3783 591 3838 et
624 3773 806 3856 Hitzigium,
840 3774 895 3856 qui
918 3775 1042 3853 Latina,
1064 3781 1101 3839 nt
1123 3795 1219 3859 supra
1241 3775 1325 3838 dixi·

234 3893 313 3952 mus,
336 3874 430 3938 aliter
453 3874 695 3955 constituerunt,
718 3875 911 3958 omnesqui
933 3886 1044 3958 postea
1056 3875 1122 3940 haec
1134 3884 1324 3956 tractarunt,

233 3976 391 4062 minorum
412 3976 599 4058 majoremve
621 3988 745 4058 partem
767 3977 981 4060 probaverint.
1022 3976 1067 4042 Ut
1090 3987 1327 4060 perscrutemur

234 4075 369 4157 singula,
402 4078 537 4157 primum
572 4078 701 4145 verbum
725 4078 842 4158 legitur
865 4078 889 4141 li
910 4099 931 4141 a
952 4077 1117 4142 Moversio.
1161 4076 1326 4143 Schroerle-

233 4198 288 4242 rus
310 4177 426 4258 aliique
442 4187 580 4242 veterem
603 4187 725 4244 textum
748 4180 849 4244 secuti
871 4178 990 4243 habeut
1014 4179 1056 4244 lc.
1100 4178 1168 4263 Ego
1191 4199 1275 4260 vero,
1300 4179 1326 4244 si

234 4282 301 4346 haec
322 4280 480 4364 particula
501 4283 733 4366 praepositionis
755 4281 788 4345 in
810 4281 939 4348 modum
962 4281 1057 4348 narbo
1091 4283 1132 4349 ad
1155 4281 1238 4364 quod
1255 4301 1325 4364 per·
1376 4323 1378 4331 ·
