3380 5404
745 563 783 625 15

197 709 377 793 auctorem
412 729 459 793 ita
481 746 546 792 ram
569 726 712 810 expedit:
737 728 893 812 ”Apparet
915 727 1181 814 Liby-Phoeniciis
1204 730 1304 796 multa

197 830 317 918 inesse
348 827 513 894 Phoenicia
545 827 602 892 sed
632 828 718 893 varie
740 831 892 911 corrupta
912 828 1049 894 maxime
1070 828 1252 896 deaurata
1265 835 1304 907 ⁴),

199 929 325 1012 Neque
358 950 432 995 vero
464 948 530 1008 nos,
555 915 581 992 si
613 927 695 992 hano
727 928 883 993 rationem
905 928 937 992 in
959 928 1087 994 Punicis
1109 929 1305 1014 explicandis

198 1030 424 1116 admittimus,
437 1025 637 1112 proficiemus
659 1028 848 1111 quidquam
870 1030 1007 1112 primum
1029 1030 1305 1114 enim,quemser-

201 1152 340 1195 monem
363 1131 462 1196 locuti
479 1130 543 1195 sint
566 1138 675 1212 gentes
696 1130 760 1195 illa
782 1128 955 1213 ambigitur
977 1133 1090 1197 deinde
1112 1152 1159 1209 ea,
1180 1133 1212 1198 in
1234 1155 1306 1218 quse

198 1240 345 1298 externa
378 1232 471 1298 verba
505 1231 616 1297 vitiose
647 1231 809 1297 inculoate
829 1239 905 1298 sunt
927 1231 1110 1299 difficillime
1132 1234 1305 1318 expediun-

199 1339 276 1398 tur.
320 1331 429 1416 Neque
450 1353 581 1417 prorsus
603 1331 734 1396 Ewaldo
748 1336 776 1407 ὅ)
797 1333 1035 1398 assentiendum
1061 1341 1109 1400 est
1130 1334 1201 1400 illos
1223 1335 1305 1400 vitu-

199 1434 348 1519 peranti,
369 1432 434 1516 qui,
457 1440 494 1518 nt
510 1433 601 1517 quasi
623 1431 762 1496 colorem
783 1431 966 1498 hebraicum
987 1433 1125 1518 accipiat
1146 1435 1259 1512 oratio,
1283 1455 1304 1501 a

201 1535 319 1601 verbis
351 1532 496 1598 codicum
528 1531 670 1600 nonnihil
702 1532 862 1597 recedant.
905 1525 1010 1610 ¹Quum
1031 1535 1115 1597 enim
1137 1533 1302 1600 Phoenices

202 1644 241 1703 et
266 1635 395 1702 Hebraei
417 1633 579 1716 religione,
602 1631 751 1710 moribus,
764 1632 862 1698 totius
882 1633 1017 1716 publicae
1038 1642 1071 1700 et
1085 1634 1219 1718 privatae
1231 1637 1305 1714 yitae

202 1737 338 1803 ratione
359 1736 502 1818 dispares
523 1735 607 1798 inter
628 1751 663 1798 se
683 1731 801 1798 suerint
822 1755 860 1800 ac
882 1733 1024 1817 dijuncti,
1043 1735 1102 1800 hoo
1116 1736 1212 1802 etiam
1224 1755 1301 1819 que-

204 1835 385 1902 dammodo
417 1833 460 1898 ad
491 1833 634 1915 linguam
655 1833 812 1917 pertinere
834 1832 921 1914 dicit,
953 1855 991 1900 ao
1023 1835 1050 1898 si
1071 1855 1142 1919 quee
1163 1837 1196 1901 in
1218 1837 1302 1902 eodi-

205 1935 303 2002 oibus
325 1933 453 2019 optimis
474 1933 677 1999 inveniantur
698 1933 886 2016 verbe,quae
909 1933 1075 2002 Hebraicis
1096 1936 1257 2004 radicibus
1269 1944 1303 2004 et

206 2033 378 2108 sententiis
410 2032 560 2117 explicari
582 2055 645 2100 non
666 2035 797 2117 possint,
818 2033 1027 2117 relinquenda
1048 2053 1086 2101 ea
1106 2055 1175 2102 esse
1196 2040 1304 2130 censet

140 2153 144 2160 ·
206 2146 311 2221 atque
343 2133 471 2200 aliunde
492 2133 692 2201 illustranda.
725 2133 788 2200 Sed
810 2156 857 2218 ea,
880 2155 953 2218 quae
974 2135 1008 2200 in
1030 2128 1192 2203 codicibus
1212 2161 1303 2223 repe-

209 2242 352 2320 riuntur,
375 2257 473 2320 quum
505 2255 587 2322 saepe
610 2236 689 2302 talia
714 2237 788 2317 sint,
809 2244 846 2303 ut
867 2237 1009 2320 legentes
1030 2237 1304 2310 simul‘deomni·
1379 2283 1386 2294 ,

301 2411 330 2482 ⁴)
351 2406 467 2468 Geseoii
498 2409 687 2467 Monumenta
708 2407 862 2483 Pboenieia,
889 2408 953 2469 Lib.
975 2409 1029 2468 IV:
1052 2413 1066 2480 §
1089 2407 1129 2470 13
1150 2415 1194 2489 (p.
1216 2411 1303 2485 375).

301 2497 329 2568 ⁵)
350 2493 446 2553 Ueber
477 2493 528 2552 das
550 2491 744 2551 Phdnikisohe
765 2493 817 2552 der
838 2493 1014 2554 Insohriften
1035 2494 1095 2553 und
1117 2493 1156 2552 im
1177 2496 1302 2556 Plautus

211 2582 262 2654 (in
293 2577 460 2638 Zeitsobriit
491 2580 540 2636 fiir
562 2577 667 2636 Kunde
688 2577 739 2636 des
760 2576 983 2655 Morgeolendes
1004 2578 1161 2654 herausgg.
1183 2600 1210 2639 v.
1232 2580 1302 2642 chr.

210 2665 326 2725 Lassen
347 2661 404 2720 IV:
426 2643 524 2748 ml
567 2658 663 2720 ”state
684 2661 738 2720 wie
759 2681 826 2720 man
848 2661 946 2721 bisher
966 2662 1077 2740 gethan
1098 2662 1150 2722 bat
1164 2665 1235 2722 euch
1247 2665 1303 2725 den

211 2751 383 2808 aussersten
416 2744 528 2806 Unsinn
554 2744 584 2804 in
607 2744 653 2804 die
674 2744 849 2816 Insohristen
871 2745 980 2804 sowohl
1001 2747 1054 2806 wie
1075 2746 1105 2808 in
1127 2747 1183 2807 den
1206 2748 1301 2808 Pitou-

212 2835 262 2892 lus
293 2851 330 2890 zu
352 2829 484 2905 bringen,
505 2848 588 2888 wenn
610 2828 656 2886 die
679 2828 781 2889 Worte
807 2850 863 2889 nur
885 2829 930 2888 ein
954 2830 1070 2896 bisohen
1091 2866 1131 2877 --
1153 2838 1209 2910 gut
1230 2833 1302 2892 oder

213 2915 346 2976 schlecht
368 2949 417 2990 -,
440 2913 591 2974 hebreiseh
612 2913 737 2992 kltngen
759 2914 830 2973 oder
851 2914 899 2974 die
919 2913 1061 2976 Leserten
1083 2916 1136 2976 mit
1151 2916 1302 2991 vdlligster

211 2999 367 3062 Willln'ihr
397 3018 435 3056 zu
466 2999 637 3076 verendam,
670 2999 761 3058 demit
792 3019 850 3058 nur
881 2999 934 3057 der
967 2999 1201 3075 Voreussetzung
1222 3001 1303 3060 einer

212 3105 289 3162 ganz
320 3081 509 3141 hebreisohen
534 3083 629 3143 Farbe
651 3083 702 3142 des
723 3082 935 3142 Phdnikisoben
955 3088 1068 3160 geniigt
1088 3085 1196 3159 wiirde,
1217 3085 1303 3144 sollte

213 3189 284 3229 mon
315 3165 388 3224 doeh
421 3166 486 3224 hier
507 3163 909 3252 den'obersten'Grundsstz
929 3167 1094 3236 festhelten,
1111 3169 1193 3243 jedes
1215 3167 1302 3228 Wort

213 3254 344 3314 sicherer
376 3249 490 3321 Lessrt,
521 3251 642 3309 welches
675 3249 735 3310 sich
767 3249 847 3310 niobt
878 3250 942 3312 dem
964 3250 1110 3310 einfaohen
1132 3250 1219 3320 Sinna
1240 3250 1301 3310 und

216 3332 486 3408 Zusammanbairge
507 3334 580 3392 neoh
601 3335 654 3392 suf
671 3333 735 3392 eine
755 3332 923 3392 hebreisehe
944 3333 1062 3394 Wurzel
1083 3334 1155 3398 oder
1175 3334 1303 3413 Bildung

214 3419 432 3481 zurucksuhren
462 3417 544 3488 ltsst,
575 3417 666 3477 lieber
697 3417 728 3476 in
753 3417 848 3476 seiner
868 3417 1087 3477 ebweiohenden
1108 3419 1167 3492 Art
1186 3439 1223 3479 zu
1243 3420 1301 3480 lee-

216 3525 267 3564 sen
290 3505 349 3563 und
370 3500 453 3561 dabei
479 3523 516 3560 zu
537 3507 656 3572 werten,
678 3501 715 3560 ob
736 3501 808 3561 eben
829 3501 859 3560 in
880 3501 976 3561 dieser
1001 3501 1214 3580 Abweisehung
1234 3525 1301 3564 vom

216 3588 415 3648 Hebr‘aisehen
446 3586 538 3645 durch
560 3586 726 3646 verwendte
747 3585 854 3646 Stellen
876 3585 936 3644 und
957 3606 1049 3646 neuen
1070 3586 1299 3664 Entdeekungen

216 3675 320 3732 immet
340 3673 441 3732 weiter
463 3669 523 3730 sioh
545 3671 708 3746 bestttigen
729 3671 846 3730 werdel.
883 3671 952 3730 Haeo
972 3671 1095 3748 quedam
1110 3673 1221 3731 ratione
1231 3691 1301 3732 vera

218 3758 287 3831 sint,
320 3762 350 3813 et
377 3758 445 3831 jure
476 3755 610 3814 dieantur
631 3755 666 3814 de
687 3754 723 3814 iis
744 3754 861 3830 linguis,
883 3772 947 3831 quae
970 3755 1128 3830 majoribus
1148 3757 1299 3822 literarum

218 3841 411 3900 monumentis
432 3840 587 3898 illustrata
608 3839 645 3897 ad
667 3859 719 3898 nos
740 3844 945 3917 pervenerunt,
968 3839 1131 3898 Phaenicum
1153 3861 1223 3900 vero
1244 3840 1303 3899 lio-

174 3913 183 3934 '
217 3945 285 4002 gua,
308 3918 484 3999 quae‘manoa
504 3930 534 3982 et
556 3924 667 3992 mutilo,
690 3958 729 3966 -
751 3945 817 3983 nam
839 3923 870 3983 in
891 3923 1107 4000 epigrammatis
1129 3925 1241 3983 vocales
1261 3924 1299 3982 li·

217 4017 290 4069 terae
321 4007 435 4081 desunt,
466 4008 497 4066 in
527 4007 597 4066 loeis
619 4007 761 4068 Plautinis
783 4027 914 4066 consonae
936 4008 1039 4066 vitiose
1060 4007 1236 4078 scribuntur,
1258 4042 1298 4052 -

217 4093 312 4154 adhue
333 4091 447 4150 exstitit
467 4097 518 4150 eut
541 4092 697 4151 [laebraioae
717 4091 932 4170 linguaeopere,
950 4126 987 4136 -
1003 4091 1040 4149 ad
1061 4112 1146 4167 quam
1168 4091 1299 4171 proxime

219 4198 281 4240 eam
302 4176 436 4244 accedere
456 4175 588 4234 coneedit
608 4176 745 4236 Ewaldus
766 4177 838 4254 ipse,
863 4211 899 4220 --
923 4175 1091 4253 explicanda
1112 4181 1157 4238 est
1177 4181 1228 4235 aut
1249 4196 1298 4234 ex·

216 4261 319 4340 plicari
341 4259 420 4320 nullo
442 4259 526 4318 medo
547 4261 666 4338 poterit.
