3380 5404
357 837 457 918 abcst,
482 838 624 921 passivas
646 836 812 926 fingendas
835 821 1042 926 ursurpatnr3
1064 837 1156 904 esraa
1174 855 1255 916 vero,
1267 834 1352 921 quod
1365 837 1470 904 idem
1527 863 1537 874 ³
1634 911 1635 920 χ

357 953 426 1002 esse
447 939 545 1020 atque
566 937 776 1001 recentiorum
806 937 1011 1003 Hebraeorum
1034 937 1210 1017 branasub
1232 937 1341 1002 oculos
1362 941 1472 1006 cadit

358 1044 392 1104 et
414 1055 515 1112 moun,
538 1045 655 1122 praeter
677 1039 762 1121 quod
784 1037 817 1102 in
840 1039 931 1122 plane
953 1039 1063 1136 eadem
1086 1037 1318 1119 significatione
1339 1060 1470 1106 occur-

357 1142 400 1206 rit
422 1145 538 1218 ant-uu
551 1159 621 1222 quae
642 1138 743 1224 hujus
759 1138 883 1218 generis
905 1139 972 1204 sola
993 1143 1068 1204 sunt
1089 1139 1174 1222 apud
1197 1137 1357 1217 Hebraeos,
1377 1161 1472 1208 cau-s

357 1242 492 1306 sativam
527 1239 688 1304 notionem
710 1239 858 1312 habeant,
882 1259 1009 1305 necesse
1031 1245 1088 1304 ast.
1133 1238 1225 1315 Quod
1246 1240 1468 1308 consideran·

358 1351 406 1408 tes
432 1341 649 1426 *Eualdius‘t
681 1339 947 1418 Dillmannius‘),
980 1340 1035 1404 alii
1066 1339 1108 1404 ad
1144 1340 1298 1422 ejusmodi
1330 1340 1467 1408 formas

357 1443 562 1526 explicandas
593 1439 728 1506 trahunt
758 1440 893 1506 formam
927 1441 1083 1524 syriacam
1116 1439 1275 1522 oclroplrel¹
1310 1479 1348 1488 --
1373 1463 1466 1508 casu

356 1542 494 1607 occurrit
526 1541 612 1625 apud
644 1539 859 1616 Knoesium⁶)
891 1540 1047 1623 sotorped
1071 1541 1159 1624 quod
1181 1542 1266 1606 idern
1288 1537 1484 1622 significat'

358 1655 455 1726 atqua
478 1642 574 1707 Hebr.
607 1644 709 1718 brian,
732 1679 772 1692 -
794 1647 827 1706 et
849 1642 991 1722 alibero,
1014 1661 1087 1723 quae
1109 1649 1157 1706 est
1178 1642 1212 1705 in
1233 1643 1357 1706 decima
1381 1663 1463 1728 spe·

358 1745 403 1808 cie
435 1743 588 1822 Arabum,
603 1743 667 1807 sed
691 1759 791 1826 neque
811 1742 898 1825 apud
921 1741 1026 1825 Syros,
1050 1760 1151 1825 neque
1173 1743 1257 1825 apud
1280 1741 1462 1828 AEthiopes

296 1909 300 1926 ,
357 1843 451 1928 hujus
473 1843 582 1908 lormae
604 1865 678 1907 usus
700 1843 766 1908 late
787 1849 876 1926 patet
890 1845 926 1916 i).
960 1841 1022 1906 Sed
1043 1840 1095 1906 fao
1117 1863 1154 1907 aa
1176 1853 1367 1925 argumenta
1387 1847 1464 1910 suf-

358 1946 462 2022 ficere,
496 1943 611 2026 quibus
644 1943 780 2026 probaro
802 1942 908 2008 conati
931 1949 1006 2006 sunt
1027 1941 1108 2006 hauc
1130 1934 1261 2030 stirpem
1284 1946 1371 2028 apud
1397 1945 1460 2010 Se-

355 2047 450 2110 mitas
472 2066 532 2108 usu
555 2044 676 2124 renire3
696 2057 796 2126 'quum
819 2043 1015 2108 causativam
1039 2043 1157 2108 habeat
1172 2044 1459 2128 significationem,

354 2146 480 2209 ridetur
513 2145 585 2210 huic
619 2145 689 2209 loco
722 2163 790 2208 esso
811 2143 1034 2227 abjudicanda.
1077 2143 1127 2208 Ex
1148 2144 1353 2228 palimpsesto
1381 2146 1459 2212 Mo-

354 2248 483 2324 ven-sius,
517 2252 553 2311 ut
585 2247 673 2322 solet,
708 2246 863 2311 laudabili
897 2246 1062 2328 diligentia
1094 2267 1205 2312 eruere
1231 2255 1365 2312 conatus
1393 2258 1459 2329 est,

355 2367 426 2431 quoe
459 2337 528 2412 cum
562 2347 737 2412 recentiora
770 2353 861 2412 textu
894 2356 928 2412 et
954 2348 1081 2412 Latinis
1099 2353 1320 2429 congruerent,
1344 2369 1460 2434 neque

356 2459 461 2516 tannen
494 2453 524 2541 ei
550 2451 719 2530 contigisse
741 2450 891 2527 arbitror,
913 2455 951 2513 ut
972 2450 1085 2514 fierent
1107 2456 1183 2532 apta
1205 2449 1247 2514 ad
1269 2456 1380 2515 cetera
1403 2461 1460 2518 at·

355 2552 679 2636 quevconvenientia,
721 2553 748 2615 A
782 2550 994 2635 conjungendi
1028 2553 1155 2616 notione
1187 2551 1303 2614 radicis
1335 2568 1398 2618 :ss
1423 2555 1459 2618 in

355 2653 552 2742 substantivo
586 2652 728 2716 desirato
756 2668 848 2717 ornis
870 2651 947 2716 oriri
969 2651 1035 2715 vult
1057 2649 1150 2715 officii
1172 2651 1460 2734 significationem,

236 2752 266 2782 ³
355 2755 444 2838 cujus
477 2773 553 2818 sane
585 2752 783 2817 transitionis
816 2751 961 2836 exempla
994 2752 1096 2816 multa
1123 2750 1230 2816 afferri
1252 2761 1391 2834 possunt
1415 2775 1458 2819 ax

356 2855 546 2919 Germanica
572 2863 605 2917 et
628 2853 743 2918 Latinio
765 2851 890 2934 lingua3
913 2853 998 2936 quod
1021 2859 1127 2918 tamen
1150 2853 1364 2918 semiticarum
1388 2856 1455 2922 li'n·

357 2976 491 3038 guarum
524 2955 716 3018 anctoritate
744 2973 807 3017 non
829 2953 968 3031 fulcitur,
991 2954 1130 3018 occurrit
1152 2955 1235 3018 enirn
1258 2955 1396 3021 maxime
1419 2959 1456 3022 in

443 3109 470 3178 ι)
493 3105 712 3166 Ausiiihrliches
740 3107 893 3178 Lehrbuch
916 3107 967 3165 der
989 3108 1078 3166 Hebr.
1102 3107 1168 3184 Spr.
1192 3107 1242 3166 des
1263 3109 1343 3168 alten
1367 3112 1454 3171 Bun-

357 3193 407 3252 des
430 3213 485 3251 von
510 3179 545 3250 H'.
569 3189 679 3263 Ervald‚
694 3191 855 3277 Gottingen
878 3189 961 3254 1870
982 3211 1012 3270 p.
1036 3189 1098 3250 320
1119 3197 1148 3263 (ξ
1172 3189 1231 3251 122
1254 3199 1295 3265 a).

443 3279 470 3350 ⁵)
493 3275 674 3347 Gramrnotik
697 3277 749 3335 der
774 3267 983 3354 ilthiopisohen
1006 3276 1133 3354 Sprache
1154 3297 1209 3336 ron
1232 3278 1350 3353 August
1373 3276 1453 3338 Dill-

356 3381 451 3434 mann,
486 3361 606 3438 Leipzig
639 3357 719 3419 1857
752 3381 781 3438 p.
796 3359 880 3423 .121;
903 3361 1056 3438 ”Dagegan
1079 3362 1212 3420 lromrneo
1234 3363 1308 3421 noch
1331 3362 1451 3439 Spursn

357 3467 419 3512 ror,
441 3446 547 3504 welche
569 3446 720 3515 beweisen,
742 3446 809 3506 dass
831 3447 907 3505 eiust
929 3445 976 3504 ein
999 3446 1241 3506 noch=sttirkersr
1264 3447 1372 3506 Vorsan
1396 3468 1453 3506 zur

357 3531 563 3636 Bildungnvou
585 3528 759 3588 Causotiven
781 3531 810 3588 in
833 3530 985 3590 Gebrauch
1007 3551 1077 3606 war,
1100 3532 1222 3589 nttmlioh
1246 3534 1280 3592 la
1302 3531 1361 3589 und
1377 3532 1452 3592 hau-

356 3615 430 3673 fier
452 3629 517 3674 aa.

377 3635 396 3691 g
444 3698 471 3770 ⁸)
493 3695 726 3756 Chrestomathia
747 3697 865 3772 Syriaco
886 3717 916 3774 p.
940 3699 1001 3759 112
1024 3718 1052 3758 v.
1074 3695 1125 3759 ll.

445 3782 471 3854 ⁷)
494 3783 574 3839 Hanno
605 3782 778 3840 sententiam
811 3780 895 3840 video
928 3783 1078 3858 aspernari
1113 3782 1269 3849 Merinum,
1292 3783 1342 3858 qui
1367 3785 1453 3843 Hoff-

358 3867 455 3925 manni
477 3885 552 3942 opus
573 3865 758 3924 reficiendum
781 3867 904 3941 curavit,
927 3866 999 3925 dicit
1020 3866 1112 3928 enirn:
1136 3868 1226 3926 lSunt
1241 3866 1291 3942 qui
1304 3873 1457 3941 statuant.

358 3952 511 4029 praefixum
544 3951 575 4010 ’a
607 3952 782 4027 processisse
815 3968 850 4008 ex
871 3947 923 4026 lta,
947 3951 1025 4026 quod
1046 3959 1075 4009 et
1098 3953 1191 4029 ipsum
1213 3970 1249 4008 ex
1271 3967 1309 4012 aa
1331 3954 1393 4011 sive
1417 3956 1453 4014 la

356 4041 490 4095 exortum
513 4036 561 4094 sit.
605 4037 645 4092 At
667 4053 755 4110 quum
778 4035 831 4093 hoo
852 4050 900 4104 sa,
923 4035 1064 4094 Hebraico
1085 4044 1115 4092 et
1137 4035 1287 4093 Aramaioe
1308 4034 1394 4112 scta
1420 4037 1451 4094 in

359 4121 492 4180 omnibus
514 4119 645 4178 dialectis
666 4120 744 4178 adsit
765 4126 794 4178 et
812 4122 900 4194 juxto
922 4121 953 4180 ’a
976 4121 1073 4191 (hebr.
1095 4116 1151 4193 loa)
1174 4126 1332 4196 servatum,
1355 4121 1455 4178 nescio

361 4225 413 4264 our
434 4204 520 4262 talem
544 4205 793 4263 commutationem
817 4204 908 4262 velint
930 4209 1068 4274 statuere,
1091 4223 1147 4279 qua
1169 4205 1284 4264 omnino
1307 4205 1378 4264 nihil
1401 4225 1453 4262 ex·

358 4288 486 4368 peditur.
529 4286 587 4359 (cf.
621 4288 749 4347 Gramm.
772 4289 848 4364 Spr.,
871 4308 956 4364 quarn
980 4296 1046 4366 post
1068 4309 1146 4366 opus¹
1164 4288 1327 4348 Hoffmanui
1349 4290 1453 4348 reiecit

358 4373 535 4432 Adalbertus
559 4372 652 4431 Marx.
677 4373 760 4433 Holis
786 4371 865 4435 1867
888 4394 916 4451 p.
939 4370 1024 4446 211).
