<?xml version="1.0" encoding="UTF-8"?>
<!DOCTYPE html PUBLIC "-//W3C//DTD XHTML 1.0 Transitional//EN"
    "http://www.w3.org/TR/xhtml1/DTD/xhtml1-transitional.dtd">
<html xmlns="http://www.w3.org/1999/xhtml" xml:lang="en" lang="en">
 <head>
  <title>
</title>
<meta http-equiv="Content-Type" content="text/html;charset=utf-8" />
  <meta name='ocr-system' content='tesseract 3.04.00' />
  <meta name='ocr-capabilities' content='ocr_page ocr_carea ocr_par ocr_line ocrx_word'/>
</head>
<body>
  <div class='ocr_page' id='page_1' title='image "./depunicisplauti00malmgoog_0011.png"; bbox 0 0 3380 5404; ppageno 0'>
   <div class='ocr_carea' id='block_1_1' title="bbox 926 643 945 702">
    <p class='ocr_par' dir='ltr' id='par_1_1' title="bbox 926 643 945 702">
     <span class='ocr_line' id='line_1_1' title="bbox 926 643 945 702; baseline 0 0"><span class='ocrx_word' id='word_1_1' title='bbox 926 643 945 702; x_wconf 82' lang='lat'>4</span> 
     </span>
    </p>
   </div>
   <div class='ocr_carea' id='block_1_2' title="bbox 278 803 1527 3104">
    <p class='ocr_par' dir='ltr' id='par_1_2' title="bbox 278 803 1527 3104">
     <span class='ocr_line' id='line_1_2' title="bbox 399 803 1495 888; baseline -0.005 -13"><span class='ocrx_word' id='word_1_2' title='bbox 399 807 498 876; x_wconf 83' lang='lat' dir='ltr'><strong>secuti</strong></span> <span class='ocrx_word' id='word_1_3' title='bbox 530 814 616 888; x_wconf 85' lang='lat' dir='ltr'><strong>sunt,</strong></span> <span class='ocrx_word' id='word_1_4' title='bbox 646 814 683 874; x_wconf 87' lang='lat' dir='ltr'><strong>ut</strong></span> <span class='ocrx_word' id='word_1_5' title='bbox 715 805 873 874; x_wconf 89' lang='lat' dir='ltr'><strong>Diodorus</strong></span> <span class='ocrx_word' id='word_1_6' title='bbox 904 805 1026 872; x_wconf 79' lang='lat' dir='ltr'><strong>Siculus</strong></span> <span class='ocrx_word' id='word_1_7' title='bbox 1039 810 1093 883; x_wconf 84' lang='lat'><strong>¹⁰),</strong></span> <span class='ocrx_word' id='word_1_8' title='bbox 1126 803 1263 883; x_wconf 83' lang='lat' dir='ltr'><strong>Tacitae,</strong></span> <span class='ocrx_word' id='word_1_9' title='bbox 1290 803 1495 887; x_wconf 76' lang='lat' dir='ltr'><strong>Pomponius</strong></span> 
     </span>
     <span class='ocr_line' id='line_1_3' title="bbox 399 902 1493 994; baseline -0.005 -17"><span class='ocrx_word' id='word_1_10' title='bbox 399 909 495 989; x_wconf 83' lang='lat' dir='ltr'><strong>Mela,</strong></span> <span class='ocrx_word' id='word_1_11' title='bbox 525 909 691 994; x_wconf 87' lang='lat' dir='ltr'><strong>Josephus,</strong></span> <span class='ocrx_word' id='word_1_12' title='bbox 725 908 869 974; x_wconf 82' lang='lat' dir='ltr'><strong>Clemens</strong></span> <span class='ocrx_word' id='word_1_13' title='bbox 896 902 1138 988; x_wconf 78' lang='lat' dir='ltr'><strong>Alexandrinus,</strong></span> <span class='ocrx_word' id='word_1_14' title='bbox 1171 905 1325 982; x_wconf 79' lang='lat' dir='ltr'>Eusebius</span> <span class='ocrx_word' id='word_1_15' title='bbox 1338 909 1375 982; x_wconf 75' lang='lat' dir='ltr'><strong>¹)j.</strong></span> <span class='ocrx_word' id='word_1_16' title='bbox 1417 905 1493 972; x_wconf 89' lang='lat' dir='ltr'><strong>Ro·</strong></span> 
     </span>
     <span class='ocr_line' id='line_1_4' title="bbox 399 1005 1494 1090; baseline -0.005 -15"><span class='ocrx_word' id='word_1_17' title='bbox 399 1009 488 1075; x_wconf 87' lang='lat' dir='ltr'><strong>mani</strong></span> <span class='ocrx_word' id='word_1_18' title='bbox 510 1014 618 1078; x_wconf 86' lang='lat' dir='ltr'><strong>autem</strong></span> <span class='ocrx_word' id='word_1_19' title='bbox 639 1005 722 1074; x_wconf 85' lang='lat' dir='ltr'><strong>haue</strong></span> <span class='ocrx_word' id='word_1_20' title='bbox 743 1029 810 1074; x_wconf 90' lang='lat' dir='ltr'><strong>rem</strong></span> <span class='ocrx_word' id='word_1_21' title='bbox 831 1014 868 1073; x_wconf 91' lang='lat' dir='ltr'><strong>ut</strong></span> <span class='ocrx_word' id='word_1_22' title='bbox 888 1007 989 1072; x_wconf 83' lang='lat' dir='ltr'><strong>multa</strong></span> <span class='ocrx_word' id='word_1_23' title='bbox 1010 1007 1084 1088; x_wconf 84' lang='lat' dir='ltr'><strong>alie,</strong></span> <span class='ocrx_word' id='word_1_24' title='bbox 1100 1027 1179 1090; x_wconf 23' lang='lat' dir='ltr'><strong>*quae*</strong></span> <span class='ocrx_word' id='word_1_25' title='bbox 1198 1029 1270 1071; x_wconf 86' lang='lat' dir='ltr'><strong>cum</strong></span> <span class='ocrx_word' id='word_1_26' title='bbox 1291 1005 1494 1080; x_wconf 80' lang='lat' dir='ltr'><strong>Graecisha-</strong></span> 
     </span>
     <span class='ocr_line' id='line_1_5' title="bbox 401 1106 1492 1196; baseline -0.004 -20"><span class='ocrx_word' id='word_1_27' title='bbox 401 1111 520 1196; x_wconf 82' lang='lat' dir='ltr'><strong>habant</strong></span> <span class='ocrx_word' id='word_1_28' title='bbox 540 1111 729 1183; x_wconf 88' lang='lat' dir='ltr'><strong>communia,</strong></span> <span class='ocrx_word' id='word_1_29' title='bbox 756 1107 907 1175; x_wconf 81' lang='lat' dir='ltr'><strong>Euandro</strong></span> <span class='ocrx_word' id='word_1_30' title='bbox 929 1107 983 1191; x_wconf 93' lang='lat' dir='ltr'><strong>illi,</strong></span> <span class='ocrx_word' id='word_1_31' title='bbox 1008 1109 1047 1173; x_wconf 91' lang='lat' dir='ltr'><strong>de</strong></span> <span class='ocrx_word' id='word_1_32' title='bbox 1068 1128 1131 1191; x_wconf 89' lang='lat' dir='ltr'><strong>quo</strong></span> <span class='ocrx_word' id='word_1_33' title='bbox 1152 1108 1254 1172; x_wconf 88' lang='lat' dir='ltr'><strong>estin</strong></span> <span class='ocrx_word' id='word_1_34' title='bbox 1275 1106 1401 1181; x_wconf 84' lang='lat' dir='ltr'><strong>fabulis,</strong></span> <span class='ocrx_word' id='word_1_35' title='bbox 1424 1107 1492 1172; x_wconf 84' lang='lat' dir='ltr'><strong>tri·</strong></span> 
     </span>
     <span class='ocr_line' id='line_1_6' title="bbox 400 1199 1496 1293; baseline -0.005 -15"><span class='ocrx_word' id='word_1_36' title='bbox 400 1199 546 1278; x_wconf 83' lang='lat' dir='ltr'><strong>buerunt</strong></span> <span class='ocrx_word' id='word_1_37' title='bbox 590 1209 804 1293; x_wconf 83' lang='lat' dir='ltr'>Mommsenio,</span> <span class='ocrx_word' id='word_1_38' title='bbox 826 1209 893 1275; x_wconf 79' lang='lat' dir='ltr'><strong>viro</strong></span> <span class='ocrx_word' id='word_1_39' title='bbox 926 1208 1117 1289; x_wconf 86' lang='lat' dir='ltr'><strong>doctissimo,</strong></span> <span class='ocrx_word' id='word_1_40' title='bbox 1150 1209 1319 1292; x_wconf 74' lang='lat' dir='ltr'><strong>quilleno</strong></span> <span class='ocrx_word' id='word_1_41' title='bbox 1349 1225 1418 1274; x_wconf 87' lang='lat' dir='ltr'><strong>rem</strong></span> <span class='ocrx_word' id='word_1_42' title='bbox 1454 1209 1496 1273; x_wconf 89' lang='lat' dir='ltr'><strong>in</strong></span> 
     </span>
     <span class='ocr_line' id='line_1_7' title="bbox 398 1308 1492 1394; baseline -0.003 -18"><span class='ocrx_word' id='word_1_43' title='bbox 398 1311 631 1378; x_wconf 76' lang='lat' dir='ltr'><strong>dubitationem</strong></span> <span class='ocrx_word' id='word_1_44' title='bbox 657 1311 791 1392; x_wconf 82' lang='lat' dir='ltr'><strong>vocavit,</strong></span> <span class='ocrx_word' id='word_1_45' title='bbox 814 1309 920 1384; x_wconf 89' lang='lat' dir='ltr'><strong>dicens</strong></span> <span class='ocrx_word' id='word_1_46' title='bbox 942 1308 1108 1375; x_wconf 84' lang='lat' dir='ltr'><strong>literarum</strong></span> <span class='ocrx_word' id='word_1_47' title='bbox 1131 1315 1222 1376; x_wconf 84' lang='lat' dir='ltr'><strong>notos</strong></span> <span class='ocrx_word' id='word_1_48' title='bbox 1242 1313 1301 1376; x_wconf 90' lang='lat' dir='ltr'><strong>aut</strong></span> <span class='ocrx_word' id='word_1_49' title='bbox 1320 1309 1363 1376; x_wconf 92' lang='lat' dir='ltr'><strong>ab</strong></span> <span class='ocrx_word' id='word_1_50' title='bbox 1385 1311 1492 1394; x_wconf 84' lang='lat' dir='ltr'><strong>Assy·</strong></span> 
     </span>
     <span class='ocr_line' id='line_1_8' title="bbox 399 1409 1491 1496; baseline -0.005 -17"><span class='ocrx_word' id='word_1_51' title='bbox 399 1413 449 1486; x_wconf 82' lang='lat' dir='ltr'><strong>rie</strong></span> <span class='ocrx_word' id='word_1_52' title='bbox 468 1416 506 1480; x_wconf 88' lang='lat' dir='ltr'><strong>ut</strong></span> <span class='ocrx_word' id='word_1_53' title='bbox 527 1410 597 1477; x_wconf 79' lang='lat' dir='ltr'><strong>oaeli</strong></span> <span class='ocrx_word' id='word_1_54' title='bbox 617 1409 818 1494; x_wconf 88' lang='lat' dir='ltr'><strong>siderumque</strong></span> <span class='ocrx_word' id='word_1_55' title='bbox 839 1409 988 1494; x_wconf 81' lang='lat' dir='ltr'><strong>peritiam</strong></span> <span class='ocrx_word' id='word_1_56' title='bbox 1009 1418 1066 1475; x_wconf 83' lang='lat' dir='ltr'><strong>eut</strong></span> <span class='ocrx_word' id='word_1_57' title='bbox 1087 1409 1129 1476; x_wconf 88' lang='lat' dir='ltr'><strong>ab</strong></span> <span class='ocrx_word' id='word_1_58' title='bbox 1150 1409 1350 1495; x_wconf 78' lang='lat' dir='ltr'><strong>AEgypto,·-</strong></span> <span class='ocrx_word' id='word_1_59' title='bbox 1362 1409 1491 1496; x_wconf 80' lang='lat' dir='ltr'><strong>AEgyp-</strong></span> 
     </span>
     <span class='ocr_line' id='line_1_9' title="bbox 397 1509 1491 1594; baseline -0.004 -16"><span class='ocrx_word' id='word_1_60' title='bbox 397 1519 504 1578; x_wconf 83' lang='lat' dir='ltr'><strong>torum</strong></span> <span class='ocrx_word' id='word_1_61' title='bbox 525 1510 653 1594; x_wconf 90' lang='lat' dir='ltr'><strong>quidem</strong></span> <span class='ocrx_word' id='word_1_62' title='bbox 673 1510 715 1577; x_wconf 85' lang='lat' dir='ltr'><strong>ad</strong></span> <span class='ocrx_word' id='word_1_63' title='bbox 737 1517 880 1578; x_wconf 81' lang='lat' dir='ltr'><strong>nostram</strong></span> <span class='ocrx_word' id='word_1_64' title='bbox 900 1515 1027 1576; x_wconf 80' lang='lat' dir='ltr'><strong>aetetem</strong></span> <span class='ocrx_word' id='word_1_65' title='bbox 1048 1511 1167 1594; x_wconf 85' lang='lat' dir='ltr'><strong>scripte</strong></span> <span class='ocrx_word' id='word_1_66' title='bbox 1187 1509 1408 1594; x_wconf 86' lang='lat' dir='ltr'><strong>pertinuerunt</strong></span> <span class='ocrx_word' id='word_1_67' title='bbox 1426 1532 1491 1576; x_wconf 86' lang='lat' dir='ltr'><strong>an·</strong></span> 
     </span>
     <span class='ocr_line' id='line_1_10' title="bbox 399 1599 1492 1698; baseline -0.004 -19"><span class='ocrx_word' id='word_1_68' title='bbox 399 1610 586 1698; x_wconf 87' lang='lat' dir='ltr'><strong>tiquissima,</strong></span> <span class='ocrx_word' id='word_1_69' title='bbox 620 1648 660 1662; x_wconf 90' lang='lat'>-</span> <span class='ocrx_word' id='word_1_70' title='bbox 692 1617 823 1678; x_wconf 83' lang='lat' dir='ltr'><strong>eatenus</strong></span> <span class='ocrx_word' id='word_1_71' title='bbox 844 1610 1078 1678; x_wconf 85' lang='lat' dir='ltr'><strong>concedendum</strong></span> <span class='ocrx_word' id='word_1_72' title='bbox 1099 1626 1167 1676; x_wconf 85' lang='lat' dir='ltr'><strong>csse</strong></span> <span class='ocrx_word' id='word_1_73' title='bbox 1188 1618 1279 1695; x_wconf 76' lang='lat' dir='ltr'><strong>puto,</strong></span> <span class='ocrx_word' id='word_1_74' title='bbox 1295 1617 1332 1677; x_wconf 91' lang='lat' dir='ltr'><strong>ut</strong></span> <span class='ocrx_word' id='word_1_75' title='bbox 1353 1599 1492 1678; x_wconf 80' lang='lat' dir='ltr'><strong>suarum</strong></span> 
     </span>
     <span class='ocr_line' id='line_1_11' title="bbox 399 1708 1491 1798; baseline -0.001 -19"><span class='ocrx_word' id='word_1_76' title='bbox 399 1708 556 1798; x_wconf 86' lang='lat' dir='ltr'><strong>quemque</strong></span> <span class='ocrx_word' id='word_1_77' title='bbox 586 1713 751 1780; x_wconf 78' lang='lat' dir='ltr'><strong>literarum</strong></span> <span class='ocrx_word' id='word_1_78' title='bbox 783 1719 945 1780; x_wconf 81' lang='lat' dir='ltr'><strong>auctorem</strong></span> <span class='ocrx_word' id='word_1_79' title='bbox 977 1735 1044 1779; x_wconf 87' lang='lat' dir='ltr'><strong>eese</strong></span> <span class='ocrx_word' id='word_1_80' title='bbox 1077 1714 1215 1780; x_wconf 78' lang='lat' dir='ltr'><strong>arbitrer</strong></span> <span class='ocrx_word' id='word_1_81' title='bbox 1246 1715 1402 1792; x_wconf 83' lang='lat' dir='ltr'><strong>(euocatis</strong></span> <span class='ocrx_word' id='word_1_82' title='bbox 1436 1715 1491 1778; x_wconf 86' lang='lat' dir='ltr'><strong>usi</strong></span> 
     </span>
     <span class='ocr_line' id='line_1_12' title="bbox 278 1814 1527 1902; baseline -0.005 -16"><span class='ocrx_word' id='word_1_83' title='bbox 278 1883 280 1886; x_wconf 84' lang='lat'>.</span> <span class='ocrx_word' id='word_1_84' title='bbox 399 1819 476 1884; x_wconf 86' lang='lat' dir='ltr'><strong>sunt</strong></span> <span class='ocrx_word' id='word_1_85' title='bbox 506 1816 643 1902; x_wconf 71' lang='lat' dir='ltr'><strong>Assyrii,</strong></span> <span class='ocrx_word' id='word_1_86' title='bbox 675 1815 818 1902; x_wconf 80' lang='lat' dir='ltr'><strong>lllgyptii</strong></span> <span class='ocrx_word' id='word_1_87' title='bbox 848 1814 1108 1900; x_wconf 78' lang='lat' dir='ltr'><strong>hieroglyphieis,</strong></span> <span class='ocrx_word' id='word_1_88' title='bbox 1124 1837 1195 1901; x_wconf 76' lang='lat' dir='ltr'><strong>qnae</strong></span> <span class='ocrx_word' id='word_1_89' title='bbox 1225 1815 1489 1901; x_wconf 75' lang='lat' dir='ltr'><strong>appellabantur,</strong></span> <span class='ocrx_word' id='word_1_90' title='bbox 1522 1885 1527 1902; x_wconf 54' lang='grc'><em>,</em></span> 
     </span>
     <span class='ocr_line' id='line_1_13' title="bbox 400 1915 1492 2000; baseline -0.002 -18"><span class='ocrx_word' id='word_1_91' title='bbox 400 1915 601 1984; x_wconf 79' lang='lat' dir='ltr'><strong>Phoenicibus</strong></span> <span class='ocrx_word' id='word_1_92' title='bbox 622 1936 696 1982; x_wconf 78' lang='lat' dir='ltr'><strong>vero</strong></span> <span class='ocrx_word' id='word_1_93' title='bbox 717 1934 780 1998; x_wconf 83' lang='lat' dir='ltr'><strong>ees,</strong></span> <span class='ocrx_word' id='word_1_94' title='bbox 804 1935 885 2000; x_wconf 84' lang='lat' dir='ltr'><strong>ques</strong></span> <span class='ocrx_word' id='word_1_95' title='bbox 906 1922 1019 2000; x_wconf 90' lang='lat' dir='ltr'><strong>postea</strong></span> <span class='ocrx_word' id='word_1_96' title='bbox 1039 1917 1218 1982; x_wconf 82' lang='lat' dir='ltr'><strong>asciverunt</strong></span> <span class='ocrx_word' id='word_1_97' title='bbox 1232 1916 1379 1990; x_wconf 66' lang='lat' dir='ltr'><strong>Graeciet</strong></span> <span class='ocrx_word' id='word_1_98' title='bbox 1392 1915 1492 1980; x_wconf 90' lang='lat' dir='ltr'><strong>multi</strong></span> 
     </span>
     <span class='ocr_line' id='line_1_14' title="bbox 399 2015 1491 2103; baseline 0.002 -21"><span class='ocrx_word' id='word_1_99' title='bbox 399 2016 455 2083; x_wconf 88' lang='lat' dir='ltr'><strong>alii</strong></span> <span class='ocrx_word' id='word_1_100' title='bbox 485 2015 605 2103; x_wconf 85' lang='lat' dir='ltr'><strong>populi,</strong></span> <span class='ocrx_word' id='word_1_101' title='bbox 637 2016 801 2082; x_wconf 85' lang='lat' dir='ltr'><strong>vindicem.</strong></span> <span class='ocrx_word' id='word_1_102' title='bbox 844 2016 1004 2084; x_wconf 81' lang='lat' dir='ltr'><strong>Praeterea</strong></span> <span class='ocrx_word' id='word_1_103' title='bbox 1031 2017 1160 2101; x_wconf 86' lang='lat' dir='ltr'><strong>quidam</strong></span> <span class='ocrx_word' id='word_1_104' title='bbox 1181 2017 1405 2084; x_wconf 84' lang='lat' dir='ltr'><strong>animadvertit</strong></span> <span class='ocrx_word' id='word_1_105' title='bbox 1426 2017 1491 2085; x_wconf 82' lang='lat' dir='ltr'><strong>has</strong></span> 
     </span>
     <span class='ocr_line' id='line_1_15' title="bbox 400 2115 1489 2202; baseline 0 -18"><span class='ocrx_word' id='word_1_106' title='bbox 400 2117 521 2197; x_wconf 84' lang='lat' dir='ltr'><strong>literas,</strong></span> <span class='ocrx_word' id='word_1_107' title='bbox 542 2137 607 2202; x_wconf 83' lang='lat' dir='ltr'><strong>qua</strong></span> <span class='ocrx_word' id='word_1_108' title='bbox 627 2116 691 2183; x_wconf 86' lang='lat' dir='ltr'><strong>siut</strong></span> <span class='ocrx_word' id='word_1_109' title='bbox 711 2115 913 2202; x_wconf 79' lang='lat' dir='ltr'><strong>simplicitate</strong></span> <span class='ocrx_word' id='word_1_110' title='bbox 933 2123 1031 2202; x_wconf 86' lang='lat' dir='ltr'><strong>atque</strong></span> <span class='ocrx_word' id='word_1_111' title='bbox 1051 2119 1223 2202; x_wconf 78' lang='lat' dir='ltr'><strong>paucitate,</strong></span> <span class='ocrx_word' id='word_1_112' title='bbox 1246 2117 1400 2202; x_wconf 80' lang='lat' dir='ltr'><strong>imprimis</strong></span> <span class='ocrx_word' id='word_1_113' title='bbox 1414 2135 1489 2184; x_wconf 86' lang='lat' dir='ltr'><strong>esse</strong></span> 
     </span>
     <span class='ocr_line' id='line_1_16' title="bbox 399 2215 1488 2304; baseline 0 -20"><span class='ocrx_word' id='word_1_114' title='bbox 399 2225 492 2304; x_wconf 90' lang='lat' dir='ltr'><strong>aptas</strong></span> <span class='ocrx_word' id='word_1_115' title='bbox 512 2216 555 2284; x_wconf 87' lang='lat' dir='ltr'><strong>ad</strong></span> <span class='ocrx_word' id='word_1_116' title='bbox 575 2215 700 2286; x_wconf 87' lang='lat' dir='ltr'><strong>libellos</strong></span> <span class='ocrx_word' id='word_1_117' title='bbox 721 2223 754 2284; x_wconf 89' lang='lat' dir='ltr'><strong>et</strong></span> <span class='ocrx_word' id='word_1_118' title='bbox 773 2217 965 2300; x_wconf 81' lang='lat' dir='ltr'><strong>edversario,</strong></span> <span class='ocrx_word' id='word_1_119' title='bbox 985 2218 1100 2304; x_wconf 89' lang='lat' dir='ltr'><strong>quibus</strong></span> <span class='ocrx_word' id='word_1_120' title='bbox 1121 2224 1254 2286; x_wconf 75' lang='lat' dir='ltr'><strong>uteretur</strong></span> <span class='ocrx_word' id='word_1_121' title='bbox 1279 2223 1488 2299; x_wconf 67' lang='lat' dir='ltr'><strong>mercatorem,</strong></span> 
     </span>
     <span class='ocr_line' id='line_1_17' title="bbox 401 2317 1489 2404; baseline 0.002 -20"><span class='ocrx_word' id='word_1_122' title='bbox 401 2317 581 2386; x_wconf 85' lang='lat' dir='ltr'><strong>Siuensium</strong></span> <span class='ocrx_word' id='word_1_123' title='bbox 612 2337 685 2384; x_wconf 85' lang='lat' dir='ltr'><strong>vero</strong></span> <span class='ocrx_word' id='word_1_124' title='bbox 716 2324 750 2384; x_wconf 90' lang='lat' dir='ltr'><strong>et</strong></span> <span class='ocrx_word' id='word_1_125' title='bbox 781 2317 1002 2404; x_wconf 75' lang='lat' dir='ltr'><strong>AEgyptcrum</strong></span> <span class='ocrx_word' id='word_1_126' title='bbox 1025 2339 1104 2404; x_wconf 79' lang='lat' dir='ltr'><strong>,queo</strong></span> <span class='ocrx_word' id='word_1_127' title='bbox 1136 2319 1273 2386; x_wconf 85' lang='lat' dir='ltr'><strong>sintita</strong></span> <span class='ocrx_word' id='word_1_128' title='bbox 1292 2321 1489 2403; x_wconf 75' lang='lat' dir='ltr'><strong>composite,</strong></span> 
     </span>
     <span class='ocr_line' id='line_1_18' title="bbox 402 2417 1489 2504; baseline -0.002 -18"><span class='ocrx_word' id='word_1_129' title='bbox 402 2417 507 2498; x_wconf 70' lang='lat' dir='ltr'><strong>varice,</strong></span> <span class='ocrx_word' id='word_1_130' title='bbox 529 2418 728 2503; x_wconf 85' lang='lat' dir='ltr'><strong>multiplices,</strong></span> <span class='ocrx_word' id='word_1_131' title='bbox 750 2419 903 2502; x_wconf 80' lang='lat' dir='ltr'><strong>ut-longa</strong></span> <span class='ocrx_word' id='word_1_132' title='bbox 924 2419 1051 2486; x_wconf 85' lang='lat' dir='ltr'><strong>demum</strong></span> <span class='ocrx_word' id='word_1_133' title='bbox 1072 2419 1297 2486; x_wconf 80' lang='lat' dir='ltr'><strong>exercitatione</strong></span> <span class='ocrx_word' id='word_1_134' title='bbox 1309 2419 1489 2504; x_wconf 83' lang='lat' dir='ltr'><strong>discantur,</strong></span> 
     </span>
     <span class='ocr_line' id='line_1_19' title="bbox 400 2517 1491 2604; baseline -0.001 -18"><span class='ocrx_word' id='word_1_135' title='bbox 400 2521 440 2586; x_wconf 90' lang='lat' dir='ltr'><strong>iis</strong></span> <span class='ocrx_word' id='word_1_136' title='bbox 471 2520 543 2586; x_wconf 88' lang='lat' dir='ltr'><strong>usui</strong></span> <span class='ocrx_word' id='word_1_137' title='bbox 573 2536 641 2586; x_wconf 88' lang='lat' dir='ltr'><strong>esse</strong></span> <span class='ocrx_word' id='word_1_138' title='bbox 671 2517 805 2603; x_wconf 90' lang='lat' dir='ltr'><strong>populis,</strong></span> <span class='ocrx_word' id='word_1_139' title='bbox 838 2518 924 2604; x_wconf 87' lang='lat' dir='ltr'><strong>apud</strong></span> <span class='ocrx_word' id='word_1_140' title='bbox 950 2541 1030 2604; x_wconf 89' lang='lat' dir='ltr'><strong>quos</strong></span> <span class='ocrx_word' id='word_1_141' title='bbox 1051 2521 1196 2602; x_wconf 76' lang='lat' dir='ltr'><strong>ingenue</strong></span> <span class='ocrx_word' id='word_1_142' title='bbox 1217 2525 1304 2586; x_wconf 84' lang='lat' dir='ltr'><strong>artes</strong></span> <span class='ocrx_word' id='word_1_143' title='bbox 1324 2519 1367 2584; x_wconf 85' lang='lat' dir='ltr'><strong>ed</strong></span> <span class='ocrx_word' id='word_1_144' title='bbox 1389 2540 1491 2586; x_wconf 90' lang='lat' dir='ltr'><strong>unum</strong></span> 
     </span>
     <span class='ocr_line' id='line_1_20' title="bbox 402 2619 1492 2708; baseline 0.002 -21"><span class='ocrx_word' id='word_1_145' title='bbox 402 2620 544 2687; x_wconf 87' lang='lat' dir='ltr'><strong>ordinem</strong></span> <span class='ocrx_word' id='word_1_146' title='bbox 567 2619 765 2708; x_wconf 78' lang='lat' dir='ltr'><strong>pertineant,</strong></span> <span class='ocrx_word' id='word_1_147' title='bbox 797 2627 834 2686; x_wconf 89' lang='lat' dir='ltr'><strong>ut</strong></span> <span class='ocrx_word' id='word_1_148' title='bbox 866 2629 1029 2688; x_wconf 81' lang='lat' dir='ltr'><strong>conservet</strong></span> <span class='ocrx_word' id='word_1_149' title='bbox 1059 2622 1098 2688; x_wconf 88' lang='lat' dir='ltr'><strong>iis</strong></span> <span class='ocrx_word' id='word_1_150' title='bbox 1123 2641 1230 2687; x_wconf 83' lang='lat' dir='ltr'><strong>sacras</strong></span> <span class='ocrx_word' id='word_1_151' title='bbox 1251 2620 1421 2702; x_wconf 86' lang='lat' dir='ltr'><strong>doctrines,</strong></span> <span class='ocrx_word' id='word_1_152' title='bbox 1444 2621 1492 2689; x_wconf 71' lang='lat' dir='ltr'><strong>erl</strong></span> 
     </span>
     <span class='ocr_line' id='line_1_21' title="bbox 402 2719 1492 2806; baseline 0.001 -18"><span class='ocrx_word' id='word_1_153' title='bbox 402 2739 484 2805; x_wconf 84' lang='lat' dir='ltr'><strong>quas</strong></span> <span class='ocrx_word' id='word_1_154' title='bbox 514 2720 648 2806; x_wconf 77' lang='lat' dir='ltr'><strong>protono</strong></span> <span class='ocrx_word' id='word_1_155' title='bbox 679 2719 774 2803; x_wconf 82' lang='lat' dir='ltr'><strong>vulgo</strong></span> <span class='ocrx_word' id='word_1_156' title='bbox 807 2720 913 2786; x_wconf 87' lang='lat' dir='ltr'><strong>aditus</strong></span> <span class='ocrx_word' id='word_1_157' title='bbox 934 2743 998 2788; x_wconf 92' lang='lat' dir='ltr'><strong>nou</strong></span> <span class='ocrx_word' id='word_1_158' title='bbox 1018 2728 1138 2806; x_wconf 81' lang='lat' dir='ltr'><strong>pateat.</strong></span> <span class='ocrx_word' id='word_1_159' title='bbox 1181 2719 1273 2798; x_wconf 83' lang='lat' dir='ltr'><strong>Quod</strong></span> <span class='ocrx_word' id='word_1_160' title='bbox 1295 2741 1492 2806; x_wconf 85' lang='lat' dir='ltr'><strong>quamquam</strong></span> 
     </span>
     <span class='ocr_line' id='line_1_22' title="bbox 403 2813 1493 2909; baseline 0.003 -20"><span class='ocrx_word' id='word_1_161' title='bbox 403 2813 490 2909; x_wconf 87' lang='lat' dir='ltr'><strong>apud</strong></span> <span class='ocrx_word' id='word_1_162' title='bbox 510 2819 608 2888; x_wconf 89' lang='lat' dir='ltr'><strong>Indos</strong></span> <span class='ocrx_word' id='word_1_163' title='bbox 628 2840 754 2906; x_wconf 85' lang='lat' dir='ltr'><strong>quoque</strong></span> <span class='ocrx_word' id='word_1_164' title='bbox 774 2842 835 2888; x_wconf 89' lang='lat' dir='ltr'><strong>usu</strong></span> <span class='ocrx_word' id='word_1_165' title='bbox 856 2823 1011 2904; x_wconf 87' lang='lat' dir='ltr'><strong>veniebat,</strong></span> <span class='ocrx_word' id='word_1_166' title='bbox 1033 2823 1117 2890; x_wconf 83' lang='lat' dir='ltr'><strong>inter</strong></span> <span class='ocrx_word' id='word_1_167' title='bbox 1137 2823 1247 2893; x_wconf 87' lang='lat' dir='ltr'><strong>doctos</strong></span> <span class='ocrx_word' id='word_1_168' title='bbox 1268 2821 1410 2906; x_wconf 85' lang='lat' dir='ltr'><strong>homiues</strong></span> <span class='ocrx_word' id='word_1_169' title='bbox 1429 2824 1493 2892; x_wconf 93' lang='lat' dir='ltr'><strong>hu·</strong></span> 
     </span>
     <span class='ocr_line' id='line_1_23' title="bbox 398 2921 1490 3008; baseline 0.002 -20"><span class='ocrx_word' id='word_1_170' title='bbox 398 2923 453 3008; x_wconf 83' lang='lat' dir='ltr'><strong>jus</strong></span> <span class='ocrx_word' id='word_1_171' title='bbox 472 2922 624 3006; x_wconf 84' lang='lat' dir='ltr'><strong>temporis</strong></span> <span class='ocrx_word' id='word_1_172' title='bbox 643 2927 778 3001; x_wconf 84' lang='lat' dir='ltr'><strong>constat,</strong></span> <span class='ocrx_word' id='word_1_173' title='bbox 791 2926 828 2989; x_wconf 87' lang='lat' dir='ltr'><strong>et</strong></span> <span class='ocrx_word' id='word_1_174' title='bbox 845 2921 1054 3006; x_wconf 71' lang='lat' dir='ltr'><strong>Devandgert</strong></span> <span class='ocrx_word' id='word_1_175' title='bbox 1075 2921 1161 3008; x_wconf 85' lang='lat' dir='ltr'><strong>qnod</strong></span> <span class='ocrx_word' id='word_1_176' title='bbox 1184 2928 1326 3002; x_wconf 84' lang='lat' dir='ltr'><strong>vocetur,</strong></span> <span class='ocrx_word' id='word_1_177' title='bbox 1348 2930 1381 2990; x_wconf 89' lang='lat' dir='ltr'><strong>ct</strong></span> <span class='ocrx_word' id='word_1_178' title='bbox 1402 2933 1490 2992; x_wconf 85' lang='lat' dir='ltr'><strong>vete·</strong></span> 
     </span>
     <span class='ocr_line' id='line_1_24' title="bbox 404 3021 1492 3104; baseline 0 -12"><span class='ocrx_word' id='word_1_179' title='bbox 404 3043 477 3092; x_wconf 85' lang='lat' dir='ltr'><strong>rum</strong></span> <span class='ocrx_word' id='word_1_180' title='bbox 507 3023 677 3088; x_wconf 88' lang='lat' dir='ltr'><strong>Persarum</strong></span> <span class='ocrx_word' id='word_1_181' title='bbox 697 3021 806 3088; x_wconf 87' lang='lat' dir='ltr'><strong>literas</strong></span> <span class='ocrx_word' id='word_1_182' title='bbox 827 3021 1029 3091; x_wconf 88' lang='lat' dir='ltr'><strong>Phoeuicibus</strong></span> <span class='ocrx_word' id='word_1_183' title='bbox 1049 3031 1154 3090; x_wconf 85' lang='lat' dir='ltr'><strong>ortum</strong></span> <span class='ocrx_word' id='word_1_184' title='bbox 1174 3023 1345 3102; x_wconf 54' lang='lat' dir='ltr'><strong>deberem</strong></span> <span class='ocrx_word' id='word_1_185' title='bbox 1383 3024 1492 3104; x_wconf 81' lang='lat' dir='ltr'><strong>Quum</strong></span> 
     </span>
    </p>
   </div>
   <div class='ocr_carea' id='block_1_3' title="bbox 356 3223 1545 4414">
    <p class='ocr_par' dir='ltr' id='par_1_3' title="bbox 389 3223 1491 3664">
     <span class='ocr_line' id='line_1_25' title="bbox 432 3223 756 3300; baseline 0.003 -15"><span class='ocrx_word' id='word_1_186' title='bbox 432 3245 435 3250; x_wconf 90' lang='lat'>·</span> <span class='ocrx_word' id='word_1_187' title='bbox 479 3225 524 3300; x_wconf 85' lang='lat'><strong>¹⁰)</strong></span> <span class='ocrx_word' id='word_1_188' title='bbox 545 3223 621 3285; x_wconf 91' lang='lat' dir='ltr'><strong>Diod</strong></span> <span class='ocrx_word' id='word_1_189' title='bbox 642 3224 683 3287; x_wconf 91' lang='lat' dir='ltr'><strong>V:</strong></span> <span class='ocrx_word' id='word_1_190' title='bbox 705 3223 756 3288; x_wconf 84' lang='lat'><strong>24.</strong></span> 
     </span>
     <span class='ocr_line' id='line_1_26' title="bbox 389 3309 1489 3392; baseline 0.005 -24"><span class='ocrx_word' id='word_1_191' title='bbox 389 3323 391 3337; x_wconf 76' lang='lat'><em>¹</em></span> <span class='ocrx_word' id='word_1_192' title='bbox 414 3331 418 3342; x_wconf 63' lang='grc'><strong>’</strong></span> <span class='ocrx_word' id='word_1_193' title='bbox 491 3311 520 3385; x_wconf 85' lang='lat'><strong>¹)</strong></span> <span class='ocrx_word' id='word_1_194' title='bbox 541 3309 610 3370; x_wconf 82' lang='lat' dir='ltr'><strong>Tae.</strong></span> <span class='ocrx_word' id='word_1_195' title='bbox 631 3310 707 3370; x_wconf 76' lang='lat' dir='ltr'><strong>dnn.</strong></span> <span class='ocrx_word' id='word_1_196' title='bbox 728 3309 786 3370; x_wconf 82' lang='lat' dir='ltr'><strong>XI:</strong></span> <span class='ocrx_word' id='word_1_197' title='bbox 810 3309 850 3375; x_wconf 87' lang='lat'><strong>14</strong></span> <span class='ocrx_word' id='word_1_198' title='bbox 870 3310 961 3372; x_wconf 88' lang='lat' dir='ltr'><strong>Primi</strong></span> <span class='ocrx_word' id='word_1_199' title='bbox 982 3331 1036 3392; x_wconf 84' lang='lat' dir='ltr'><strong>per</strong></span> <span class='ocrx_word' id='word_1_200' title='bbox 1060 3311 1171 3390; x_wconf 74' lang='lat' dir='ltr'><strong>figuras</strong></span> <span class='ocrx_word' id='word_1_201' title='bbox 1191 3311 1356 3372; x_wconf 86' lang='lat' dir='ltr'><strong>animalium</strong></span> <span class='ocrx_word' id='word_1_202' title='bbox 1371 3313 1489 3392; x_wconf 79' lang='lat' dir='ltr'><strong>AEgyp·</strong></span> 
     </span>
     <span class='ocr_line' id='line_1_27' title="bbox 406 3393 1490 3475; baseline 0.001 -21"><span class='ocrx_word' id='word_1_203' title='bbox 406 3395 442 3455; x_wconf 88' lang='lat' dir='ltr'><strong>tii</strong></span> <span class='ocrx_word' id='word_1_204' title='bbox 462 3393 688 3454; x_wconf 76' lang='lat' dir='ltr'><strong>eemusmentis</strong></span> <span class='ocrx_word' id='word_1_205' title='bbox 709 3394 882 3472; x_wconf 81' lang='lat' dir='ltr'><strong>effingebant</strong></span> <span class='ocrx_word' id='word_1_206' title='bbox 902 3401 934 3455; x_wconf 93' lang='lat' dir='ltr'><strong>et</strong></span> <span class='ocrx_word' id='word_1_207' title='bbox 954 3397 1107 3457; x_wconf 88' lang='lat' dir='ltr'><strong>literarum</strong></span> <span class='ocrx_word' id='word_1_208' title='bbox 1127 3403 1217 3457; x_wconf 89' lang='lat' dir='ltr'><strong>semet</strong></span> <span class='ocrx_word' id='word_1_209' title='bbox 1237 3397 1404 3456; x_wconf 82' lang='lat' dir='ltr'><strong>inventores</strong></span> <span class='ocrx_word' id='word_1_210' title='bbox 1420 3417 1490 3475; x_wconf 90' lang='lat' dir='ltr'><strong>per·</strong></span> 
     </span>
     <span class='ocr_line' id='line_1_28' title="bbox 406 3475 1491 3560; baseline -0.001 -21"><span class='ocrx_word' id='word_1_211' title='bbox 406 3475 524 3551; x_wconf 83' lang='lat' dir='ltr'><strong>hibent3</strong></span> <span class='ocrx_word' id='word_1_212' title='bbox 545 3477 613 3538; x_wconf 88' lang='lat' dir='ltr'><strong>inde</strong></span> <span class='ocrx_word' id='word_1_213' title='bbox 633 3477 782 3538; x_wconf 82' lang='lat' dir='ltr'><strong>Phoenices</strong></span> <span class='ocrx_word' id='word_1_214' title='bbox 802 3482 873 3558; x_wconf 81' lang='lat' dir='ltr'><strong>quis</strong></span> <span class='ocrx_word' id='word_1_215' title='bbox 892 3481 965 3540; x_wconf 83' lang='lat' dir='ltr'><strong>mari</strong></span> <span class='ocrx_word' id='word_1_216' title='bbox 986 3481 1196 3560; x_wconf 70' lang='lat' dir='ltr'><strong>prepollebant</strong></span> <span class='ocrx_word' id='word_1_217' title='bbox 1216 3481 1349 3541; x_wconf 82' lang='lat' dir='ltr'><strong>intulisse</strong></span> <span class='ocrx_word' id='word_1_218' title='bbox 1370 3481 1491 3540; x_wconf 85' lang='lat' dir='ltr'><strong>Graeciae</strong></span> 
     </span>
     <span class='ocr_line' id='line_1_29' title="bbox 407 3562 1490 3664; baseline 0.003 -41"><span class='ocrx_word' id='word_1_219' title='bbox 407 3562 588 3640; x_wconf 75' lang='lat' dir='ltr'><strong>gloriamque</strong></span> <span class='ocrx_word' id='word_1_220' title='bbox 608 3562 739 3641; x_wconf 83' lang='lat' dir='ltr'><strong>adeptos,</strong></span> <span class='ocrx_word' id='word_1_221' title='bbox 752 3567 898 3642; x_wconf 86' lang='lat' dir='ltr'><strong>tamquam</strong></span> <span class='ocrx_word' id='word_1_222' title='bbox 910 3565 1084 3643; x_wconf 85' lang='lat' dir='ltr'><strong>repererint,</strong></span> <span class='ocrx_word' id='word_1_223' title='bbox 1095 3585 1159 3641; x_wconf 88' lang='lat' dir='ltr'><strong>qnae</strong></span> <span class='ocrx_word' id='word_1_224' title='bbox 1170 3571 1347 3664; x_wconf 72' lang='lat' dir='ltr'><strong>acceperant.</strong></span> <span class='ocrx_word' id='word_1_225' title='bbox 1379 3563 1490 3627; x_wconf 83' lang='lat' dir='ltr'><strong>Euseb.</strong></span> 
     </span>
    </p>

    <p class='ocr_par' dir='ltr' id='par_1_4' title="bbox 356 3633 1545 4065">
     <span class='ocr_line' id='line_1_30' title="bbox 356 3633 1492 3732; baseline -0.003 -22"><span class='ocrx_word' id='word_1_226' title='bbox 356 3695 359 3710; x_wconf 90' lang='lat'><strong>.</strong></span> <span class='ocrx_word' id='word_1_227' title='bbox 407 3646 502 3725; x_wconf 77' lang='lat' dir='ltr'><strong>Prup.</strong></span> <span class='ocrx_word' id='word_1_228' title='bbox 523 3645 636 3722; x_wconf 79' lang='lat' dir='ltr'><strong>Evang.</strong></span> <span class='ocrx_word' id='word_1_229' title='bbox 656 3647 685 3706; x_wconf 87' lang='lat'><strong>1:</strong></span> <span class='ocrx_word' id='word_1_230' title='bbox 706 3665 752 3706; x_wconf 85' lang='lat' dir='ltr'><strong>vr:</strong></span> <span class='ocrx_word' id='word_1_231' title='bbox 773 3647 803 3709; x_wconf 86' lang='lat'><strong>4.</strong></span> <span class='ocrx_word' id='word_1_232' title='bbox 845 3649 923 3729; x_wconf 81' lang='grc' dir='ltr'><strong>παρ’</strong></span> <span class='ocrx_word' id='word_1_233' title='bbox 949 3633 1290 3730; x_wconf 74' lang='grc' dir='ltr'><strong><em>ὧν[τῶνΛῖγιπτιιιιν]</em></strong></span> <span class='ocrx_word' id='word_1_234' title='bbox 1304 3662 1385 3732; x_wconf 82' lang='grc' dir='ltr'><strong><em>φασι</em></strong></span> <span class='ocrx_word' id='word_1_235' title='bbox 1397 3649 1492 3726; x_wconf 77' lang='grc' dir='ltr'><em>πρῶ·</em></span> 
     </span>
     <span class='ocr_line' id='line_1_31' title="bbox 407 3721 1545 3816; baseline -0.001 -24"><span class='ocrx_word' id='word_1_236' title='bbox 407 3749 464 3792; x_wconf 68' lang='grc' dir='ltr'><strong>τοι</strong></span> <span class='ocrx_word' id='word_1_237' title='bbox 491 3721 609 3810; x_wconf 81' lang='grc' dir='ltr'><strong><em>Ὀρφέα</em></strong></span> <span class='ocrx_word' id='word_1_238' title='bbox 639 3725 694 3790; x_wconf 77' lang='grc' dir='ltr'><strong>τὸν</strong></span> <span class='ocrx_word' id='word_1_239' title='bbox 730 3721 867 3812; x_wconf 74' lang='grc' dir='ltr'><em>Οἰάγρου</em></span> <span class='ocrx_word' id='word_1_240' title='bbox 891 3723 1166 3816; x_wconf 70' lang='grc' dir='ltr'><strong><em>μεταστησάμενοι</em></strong></span> <span class='ocrx_word' id='word_1_241' title='bbox 1197 3729 1238 3795; x_wconf 78' lang='grc' dir='ltr'><strong>τὰ</strong></span> <span class='ocrx_word' id='word_1_242' title='bbox 1258 3728 1335 3812; x_wconf 82' lang='grc' dir='ltr'><em>παρ’</em></span> <span class='ocrx_word' id='word_1_243' title='bbox 1357 3723 1492 3812; x_wconf 80' lang='grc' dir='ltr'><em>Αἰγυπ-</em></span> <span class='ocrx_word' id='word_1_244' title='bbox 1542 3771 1545 3778; x_wconf 63' lang='lat'><em>=</em></span> 
     </span>
     <span class='ocr_line' id='line_1_32' title="bbox 407 3804 1491 3900; baseline 0.002 -24"><span class='ocrx_word' id='word_1_245' title='bbox 407 3806 636 3897; x_wconf 53' lang='lat' dir='ltr'><strong>vitec‘sevpce</strong></span> <span class='ocrx_word' id='word_1_246' title='bbox 665 3811 857 3893; x_wconf 75' lang='grc' dir='ltr'><strong><em>μεταδοῦναι</em></strong></span> <span class='ocrx_word' id='word_1_247' title='bbox 876 3806 1043 3900; x_wconf 76' lang='grc' dir='ltr'><strong><em>μυστήρια,</em></strong></span> <span class='ocrx_word' id='word_1_248' title='bbox 1065 3808 1187 3899; x_wconf 55' lang='grc' dir='ltr'><strong>ὥσπερΥ</strong></span> <span class='ocrx_word' id='word_1_249' title='bbox 1208 3804 1260 3877; x_wconf 75' lang='lat' dir='ltr'><strong>oie</strong></span> <span class='ocrx_word' id='word_1_250' title='bbox 1281 3809 1334 3876; x_wconf 80' lang='grc' dir='ltr'><strong>καὶ</strong></span> <span class='ocrx_word' id='word_1_251' title='bbox 1355 3809 1491 3893; x_wconf 77' lang='grc' dir='ltr'><em>Κάδμον</em></span> 
     </span>
     <span class='ocr_line' id='line_1_33' title="bbox 408 3889 1514 3984; baseline 0.001 -25"><span class='ocrx_word' id='word_1_252' title='bbox 408 3893 450 3960; x_wconf 78' lang='grc' dir='ltr'><strong>τὰ</strong></span> <span class='ocrx_word' id='word_1_253' title='bbox 484 3893 650 3959; x_wconf 81' lang='grc' dir='ltr'><strong><em>Φοινικικὰ</em></strong></span> <span class='ocrx_word' id='word_1_254' title='bbox 681 3897 751 3972; x_wconf 78' lang='grc' dir='ltr'><strong><em>’τοῖς</em></strong></span> <span class='ocrx_word' id='word_1_255' title='bbox 781 3889 890 3972; x_wconf 79' lang='grc' dir='ltr'><strong><em>αὐτοῖς</em></strong></span> <span class='ocrx_word' id='word_1_256' title='bbox 909 3890 1036 3980; x_wconf 71' lang='grc' dir='ltr'><strong>ἀγαγεῖν</strong></span> <span class='ocrx_word' id='word_1_257' title='bbox 1055 3898 1136 3978; x_wconf 73' lang='grc' dir='ltr'><strong>μετὰ</strong></span> <span class='ocrx_word' id='word_1_258' title='bbox 1157 3899 1211 3962; x_wconf 78' lang='grc' dir='ltr'><strong>καὶ</strong></span> <span class='ocrx_word' id='word_1_259' title='bbox 1230 3902 1286 3984; x_wconf 71' lang='grc' dir='ltr'><strong>τῆς</strong></span> <span class='ocrx_word' id='word_1_260' title='bbox 1306 3901 1370 3961; x_wconf 77' lang='grc' dir='ltr'><strong>τῶν</strong></span> <span class='ocrx_word' id='word_1_261' title='bbox 1389 3919 1514 3983; x_wconf 64' lang='lat' dir='ltr'><strong>ypocu-⁸</strong></span> 
     </span>
     <span class='ocr_line' id='line_1_34' title="bbox 409 3972 844 4065; baseline 0.002 -22"><span class='ocrx_word' id='word_1_262' title='bbox 409 3972 714 4065; x_wconf 59' lang='lat' dir='ltr'><strong>prevaricatricem</strong></span> <span class='ocrx_word' id='word_1_263' title='bbox 734 3989 790 4045; x_wconf 84' lang='lat' dir='ltr'><strong>oet.</strong></span> <span class='ocrx_word' id='word_1_264' title='bbox 842 3991 844 3999; x_wconf 89' lang='lat'>&#39;</span> 
     </span>
    </p>

    <p class='ocr_par' dir='ltr' id='par_1_5' title="bbox 411 4076 1491 4414">
     <span class='ocr_line' id='line_1_35' title="bbox 494 4076 1491 4160; baseline 0.002 -20"><span class='ocrx_word' id='word_1_265' title='bbox 494 4081 524 4155; x_wconf 85' lang='lat'><strong>¹)</strong></span> <span class='ocrx_word' id='word_1_266' title='bbox 544 4081 604 4142; x_wconf 81' lang='lat' dir='ltr'><strong>vid.</strong></span> <span class='ocrx_word' id='word_1_267' title='bbox 625 4076 718 4145; x_wconf 66' lang='lat' dir='ltr'><strong>Mtte.</strong></span> <span class='ocrx_word' id='word_1_268' title='bbox 739 4077 881 4145; x_wconf 68' lang='lat' dir='ltr'><strong>Maillert</strong></span> <span class='ocrx_word' id='word_1_269' title='bbox 901 4081 1233 4144; x_wconf 75' lang='lat' dir='ltr'><strong>Semkrie-ercmmaeik</strong></span> <span class='ocrx_word' id='word_1_270' title='bbox 1254 4083 1284 4144; x_wconf 90' lang='lat' dir='ltr'><strong>iu</strong></span> <span class='ocrx_word' id='word_1_271' title='bbox 1301 4083 1491 4160; x_wconf 79' lang='lat' dir='ltr'><strong>Dewantgeri</strong></span> 
     </span>
     <span class='ocr_line' id='line_1_36' title="bbox 411 4164 1490 4246; baseline -0.002 -19"><span class='ocrx_word' id='word_1_272' title='bbox 411 4165 472 4227; x_wconf 82' lang='lat' dir='ltr'><strong>und</strong></span> <span class='ocrx_word' id='word_1_273' title='bbox 493 4164 695 4228; x_wconf 84' lang='lat' dir='ltr'><strong>Lateiuischee</strong></span> <span class='ocrx_word' id='word_1_274' title='bbox 722 4166 903 4226; x_wconf 85' lang='lat' dir='ltr'><strong>Bochetaben</strong></span> <span class='ocrx_word' id='word_1_275' title='bbox 924 4168 973 4227; x_wconf 81' lang='lat' dir='ltr'><strong>tib.</strong></span> <span class='ocrx_word' id='word_1_276' title='bbox 994 4187 1023 4228; x_wconf 86' lang='lat' dir='ltr'><strong>v.</strong></span> <span class='ocrx_word' id='word_1_277' title='bbox 1044 4168 1109 4228; x_wconf 84' lang='lat' dir='ltr'><strong>Keil</strong></span> <span class='ocrx_word' id='word_1_278' title='bbox 1131 4189 1159 4228; x_wconf 88' lang='lat' dir='ltr'><strong>n.</strong></span> <span class='ocrx_word' id='word_1_279' title='bbox 1181 4168 1294 4246; x_wconf 85' lang='lat' dir='ltr'><strong>Oppert</strong></span> <span class='ocrx_word' id='word_1_280' title='bbox 1314 4175 1328 4239; x_wconf 86' lang='lat'>§</span> <span class='ocrx_word' id='word_1_281' title='bbox 1350 4169 1383 4231; x_wconf 89' lang='lat'><strong>1:</strong></span> <span class='ocrx_word' id='word_1_282' title='bbox 1405 4169 1490 4227; x_wconf 84' lang='lat' dir='ltr'><strong>Anm.</strong></span> 
     </span>
     <span class='ocr_line' id='line_1_37' title="bbox 415 4245 1490 4332; baseline -0.01 -13"><span class='ocrx_word' id='word_1_283' title='bbox 415 4245 580 4319; x_wconf 54' lang='lat' dir='ltr'><strong>Gemit&amp;</strong></span> <span class='ocrx_word' id='word_1_284' title='bbox 600 4249 758 4312; x_wconf 75' lang='lat' dir='ltr'><strong>Monumm·</strong></span> <span class='ocrx_word' id='word_1_285' title='bbox 780 4250 878 4312; x_wconf 83' lang='lat' dir='ltr'><strong>Phoen.</strong></span> <span class='ocrx_word' id='word_1_286' title='bbox 899 4271 929 4330; x_wconf 89' lang='lat' dir='ltr'><strong>p.</strong></span> <span class='ocrx_word' id='word_1_287' title='bbox 942 4249 983 4314; x_wconf 83' lang='grc'><strong>83</strong></span> <span class='ocrx_word' id='word_1_288' title='bbox 993 4271 1085 4329; x_wconf 87' lang='lat' dir='ltr'><strong>seqq.;</strong></span> <span class='ocrx_word' id='word_1_289' title='bbox 1097 4248 1229 4332; x_wconf 70' lang='lat' dir='ltr'><strong>Spiepel,</strong></span> <span class='ocrx_word' id='word_1_290' title='bbox 1245 4252 1426 4314; x_wconf 82' lang='lat' dir='ltr'><strong>Grammatik</strong></span> <span class='ocrx_word' id='word_1_291' title='bbox 1436 4251 1490 4311; x_wconf 89' lang='lat' dir='ltr'><strong>der</strong></span> 
     </span>
     <span class='ocr_line' id='line_1_38' title="bbox 412 4331 1053 4414; baseline 0.002 -19"><span class='ocrx_word' id='word_1_292' title='bbox 412 4331 754 4412; x_wconf 82' lang='lat' dir='ltr'><strong>Huzwaresoh·Sprache,</strong></span> <span class='ocrx_word' id='word_1_293' title='bbox 775 4355 805 4413; x_wconf 91' lang='lat' dir='ltr'><strong>p.</strong></span> <span class='ocrx_word' id='word_1_294' title='bbox 827 4335 877 4414; x_wconf 80' lang='lat'><strong>26,</strong></span> <span class='ocrx_word' id='word_1_295' title='bbox 900 4334 950 4407; x_wconf 86' lang='grc'><strong>34,</strong></span> <span class='ocrx_word' id='word_1_296' title='bbox 971 4355 1053 4412; x_wconf 86' lang='lat' dir='ltr'><strong>seqq.</strong></span> 
     </span>
    </p>
   </div>
   <div class='ocr_carea' id='block_1_4' title="bbox 163 4909 502 5136">
    <p class='ocr_par' dir='ltr' id='par_1_6' title="bbox 163 4909 502 5136">
     <span class='ocr_line' id='line_1_39' title="bbox 163 4909 502 5136; baseline 0 0"><span class='ocrx_word' id='word_1_297' title='bbox 163 4909 502 5136; x_wconf 58' lang='lat' dir='ltr'><strong>‘L</strong></span> 
     </span>
    </p>
   </div>
   <div class='ocr_carea' id='block_1_5' title="bbox 0 0 1701 5396">
    <p class='ocr_par' dir='ltr' id='par_1_7' title="bbox 0 0 1701 5396">
     <span class='ocr_line' id='line_1_40' title="bbox 0 0 1701 5396; baseline 0 0"><span class='ocrx_word' id='word_1_298' title='bbox 0 0 1701 5396; x_wconf 95' lang='lat' dir='ltr'><strong> </strong></span> 
     </span>
    </p>
   </div>
  </div>
 </body>
</html>
