3380 5404
765 579 846 650 17‘

238 753 387 822 Plautina
409 754 559 838 expedire
584 755 689 819 consti
712 763 795 833 sunt,
820 775 909 820 nemo
932 762 998 818 tam
1021 755 1145 837 copiose
1167 755 1324 832 disseruit,

237 861 418 924 nemetum
441 854 542 920 multe
563 854 674 918 attulit
695 855 887 938 adjumenta,
910 875 1001 920 nemo
1024 867 1087 920 teni
1110 864 1324 922 accusatrice-

237 1031 274 1069 nn
306 1014 427 1081 treton),
459 1008 538 1086 apud
559 1009 670 1068 Arabes
691 1015 788 1070 eutem
811 1012 903 1070 multo
925 1015 1011 1075 entes
1032 1031 1085 1069 usu
1107 1011 1219 1070 venisse
1240 1015 1325 1089 putet

247 1089 296 1156 W.
318 1087 514 1182 Ereytaytus
535 1092 740 1171 (Dessteliung
766 1094 819 1154 der
841 1095 930 1155 Areb.
954 1095 1126 1172 Versknnst‚
1149 1095 1226 1154 Eiinl.
1250 1101 1264 1166 5
1289 1093 1321 1151 3;

239 1177 328 1236 ”Dese
350 1176 397 1235 die
418 1177 533 1236 Areber
554 1177 618 1236 ihre
639 1178 736 1236 Metrn
757 1199 813 1237 von
835 1179 890 1238 deu
912 1179 1055 1240 Griechen
1070 1179 1199 1238 erhelten
1215 1179 1326 1246 beiden,

238 1264 279 1324 ist
299 1261 380 1322 nicbt
402 1260 542 1325 denkbnr.
577 1259 620 1321 Es
640 1262 753 1322 scheint
775 1264 829 1323 mir
851 1264 1232 1340 eberclswebrscbeinlicb‚
1248 1264 1325 1338 dass,

238 1347 277 1416 de
307 1345 355 1406 dis
386 1344 550 1406 Gherskter
580 1347 675 1406 dieser
697 1346 891 1423 Metrsgnnn
912 1348 1154 1424 sigenthnmncb,
1170 1349 1239 1406 eber
1261 1348 1325 1406 'dem

239 1429 402 1491 cnstanter
434 1431 486 1488 des
515 1429 621 1488 Volkes
641 1451 717 1507 ganz
738 1450 923 1508 sngemessen
945 1435 994 1506 ist,
1016 1431 1162 1491 disselben
1184 1431 1257 1490 such
1280 1431 1332 1490 bei
1418 1435 1422 1442 “

238 1515 326 1576 ihnen
358 1513 531 1574 entetendcn
558 1515 618 1574 und
638 1515 820 1590 ausgebildet
841 1517 966 1591 seyen“).
1010 1515 1149 1590 Syrorum
1171 1517 1266 1593 poesis
1293 1523 1328 1574 ut

238 1600 333 1660 multe
350 1597 407 1656 elin
428 1597 547 1657 serioris
569 1603 637 1657 eunt
658 1597 754 1660 aetetis
774 1601 824 1670 (cf.
837 1599 873 1659 de
893 1599 946 1658 hec
958 1619 990 1658 re
1003 1595 1204 1662 'Uhletttttmtt'
1225 1600 1324 1660 Grnm.

239 1683 305 1760 Syr.
327 1688 358 1754 ἐξ
379 1681 507 1750 ultimas,
534 1677 718 1759 Zinyerlitts
738 1682 769 1742 in
786 1683 927 1744 Zeitscbr.
939 1683 993 1742 der
1005 1684 1170 1743 Deutscbeu
1182 1685 1326 1760 Morgenl.

239 1766 433 1828 Geeelleehsft
453 1766 483 1824 X
503 1786 533 1843 p.
557 1766 642 1838 110).
689 1765 786 1828 Pereae
807 1779 899 1828 metra
920 1771 957 1826 nb
979 1770 1126 1848 Arubibus
1159 1775 1229 1826 sunt
1261 1789 1325 1826 mu·

238 1851 315 1914 tnuti
347 1848 504 1910 secundum
547 1844 737 1913 Geidlt'nt‘um
778 1850 941 1930 (Principp.
980 1852 1106 1912 Gremm.
1146 1853 1328 1932 Neopsrsicae

239 1935 459 2010 Hslsiugforsiae
492 1931 601 2007 1845);
623 1933 780 1994 secuudum
811 1929 1043 2014 Westpbalt'um
1063 1957 1081 1996 e
1102 1935 1221 1998 Graecis.
1267 1937 1326 1994 Ho-

240 2017 439 2080 moeoteleutis
452 2018 513 2093 jum
536 2017 712 2086 Lucretium,
734 2018 890 2089 Catullum,
912 2021 1070 2094 Tibullum,
1091 2022 1164 2080 alios
1185 2040 1328 2080 usosesse

238 2103 402 2178 insedimus
434 2101 486 2160 sed
517 2123 554 2162 ex
587 2121 759 2179 cegeuene,
787 2104 866 2181 qnod
888 2103 1043 2184 Leonicum
1064 2107 1246 2184 appelletur3
1269 2107 1329 2163 haen

240 2207 310 2248 vero
341 2185 442 2246 inritis
473 2186 532 2245 illis
564 2186 655 2262 mngis
685 2194 775 2264 etque
806 2189 1016 2248 inconsiderate
1038 2191 1232 2249 scribentibus
1253 2191 1329 2248 exci-

240 2271 318 2332 disse
351 2271 488 2331 videntur
515 2291 601 2348 quem
622 2291 686 2330 esse
707 2273 821 2332 ratione
842 2292 875 2330 nc
896 2273 1045 2344 voluntste
1066 2274 1198 2332 adhibite
1217 2273 1329 2350 (copin-
1369 2337 1378 2350 ,

239 2356 352 2418 tissime
383 2353 419 2414 ds
452 2355 498 2414 bis
530 2356 670 2416 disseruit
706 2351 754 2418 W.
784 2353 962 2420 Grimmc'tcs
982 2357 1013 2416 in
1034 2357 1179 2418 Abhendl.
1201 2359 1230 2420 d.
1253 2359 1330 2416 Berl.

239 2438 335 2502 skad.
363 2438 392 2500 d.
415 2437 527 2514 wien),
548 2441 638 2500 donec
660 2434 963 2502 senescente'civitete
984 2443 1124 2514 Romane,
1147 2462 1236 2519 quum
1261 2443 1327 2500 ber·

240 2523 336 2584 burins
357 2522 459 2582 literne
478 2524 690 2598 insnscsvisset‚
712 2525 773 2584 hese
793 2526 889 2604 poesis
901 2526 994 2585 forme
1008 2528 1163 2605 praerslnit
1176 2528 1226 2596 (ci.
1239 2527 1331 2584 Bern-

241 2608 371 2684 hardyus
402 2607 423 2666 l.
455 2627 480 2668 c.
512 2628 542 2687 p.
576 2607 764 2686 331seqq.).
807 2609 863 2669 Sed
891 2616 959 2668 nnte
980 2612 1077 2691 omnin
1097 2611 1329 2694 videndumst,
1417 2603 1420 2614 ’
1478 2578 1480 2590 Ι

243 2712 397 2769 quamnam
418 2692 561 2751 rationem
583 2692 729 2766 metricam
751 2693 829 2752 inter
850 2694 960 2754 Punice
980 2702 1010 2752 et
1031 2695 1137 2754 Latina
1151 2695 1332 2754 intercedere
1455 2719 1463 2736 ι

241 2774 412 2855 putaverint
433 2771 750 2836 Grammatici'bstini.
777 2778 986 2854 Fragmentum
1014 2779 1142 2839 Sisennae
1164 2769 1331 2838 Schnbestae

241 2859 424 2920 consenserit
455 2858 619 2930 Putschiue‚
651 2880 688 2920 ex
720 2880 777 2937 quo
808 2869 932 2940 apparet
963 2863 1064 2923 doctos
1090 2863 1219 2922 homiues
1252 2861 1337 2922 illius¹

241 2944 382 3024 temporis
393 2945 542 3023 putavisse
553 2945 767 3004 Punicnendsm
783 2951 884 3022 metro,
897 2966 956 3024 quc
967 2947 1072 3007 lentina
1084 2951 1210 3026 primum
1222 2948 1334 3024 scripte

242 3031 302 3090 sint
322 3048 385 3087 esse
416 3029 584 3107 composita.
640 3029 683 3088 De
715 3051 773 3108 qun
805 3037 850 3090 cst
881 3034 961 3109 apud
981 3028 1192 3094 Bitscbeis'ttm
1214 3033 1233 3091 l.
1256 3053 1280 3089 c.
1303 3051 1331 3108 p.

243 3112 319 3174 378:
353 3109 500 3172 ”Pertinet
521 3113 617 3191 prime
642 3115 792 3173 annotatio
814 3114 852 3174 ed
874 3116 1024 3174 Hannonis
1046 3119 1135 3176 verba
1156 3116 1269 3176 Poenuli
1293 3115 1331 3172 V:

242 3197 271 3258 1:
293 3199 323 3258 l.
367 3192 544 3258 Halonium
575 3203 673 3257 autem
694 3217 752 3256 non
773 3205 820 3258 est
841 3199 977 3258 credibile
999 3199 1147 3259 Sisennam
1169 3198 1330 3276 scripsisse,

241 3285 324 3359 cnjus
345 3279 406 3340 haec
424 3281 523 3358 potins
544 3283 669 3343 fuerint:
692 3278 921 3344 Alonimsdlon
943 3283 1023 3342 Poeni
1045 3285 1145 3343 dicunt
1162 3284 1263 3343 Deum.
1298 3281 1333 3342 In

243 3365 394 3446 proximis,
404 3364 462 3424 nisi
483 3366 569 3442 plura
590 3366 710 3426 turbate
730 3373 808 3440 sunt,
821 3367 917 3426 nescio
932 3387 969 3425 eu
990 3368 1063 3426 ferri
1079 3370 1185 3446 possit:
1208 3371 1239 3429 et
1254 3385 1332 3446 pro-

243 3446 417 3512 ducendam
448 3445 608 3526 sctlabnm
635 3449 728 3512 metri
746 3448 858 3530 qratia
890 3448 989 3530 scint
1021 3450 1146 3514 iambus
1178 3452 1246 3512 cet'.
1291 3453 1331 3510 At

245 3541 358 3612 quaernt
383 3533 543 3611 quispiam:
566 3535 657 3594 verbs
677 3534 787 3594 Punice
808 3555 932 3613 quanam
954 3537 1067 3597 ratione
1088 3544 1157 3596 sunt
1178 3537 1333 3615 praeceptis

245 3618 358 3678 Latinis
378 3617 486 3696 liuguae
506 3619 764 3680 accommodanda?
796 3619 1019 3680 considerantes
1041 3640 1119 3690 vero,
1141 3642 1199 3698 qua
1220 3623 1249 3679 in
1272 3639 1332 3678 nm·
1413 3692 1417 3700 Ι

246 3702 332 3761 nibus
365 3702 462 3780 rebus,
495 3720 561 3778 quie
592 3703 630 3763 sd
661 3711 786 3763 metrum
817 3705 976 3784 pertinent,
998 3706 1045 3766 usi
1066 3707 1127 3764 sint
1147 3707 1284 3764 libertate
1305 3709 1335 3761 et

245 3786 364 3845 licentia
394 3793 508 3846 veteres
540 3787 593 3857 ini,
615 3789 667 3847 hcc
689 3807 721 3846 re
742 3788 837 3849 minus
859 3789 1146 3850 incommodabimur.
1191 3789 1243 3848 Vir
1265 3789 1333 3847 doc-

245 3870 384 3941 tissimus,
406 3873 488 3946 cnjus
505 3871 616 3948 jndicio
636 3891 776 3932 summum
798 3873 885 3932 fidem
906 3874 1043 3934 hebemus
1065 3875 1159 3935 varies
1181 3874 1334 3935 doctorum

246 3954 377 4014 virorum
398 3953 434 4014 de
455 3958 557 4016 metris
578 3955 722 4016 Plautinis
744 3960 902 4018 sententies
924 3965 1134 4036 perscrutatus,
1158 3959 1201 4017 ite
1221 3958 1257 4015 de
1278 3958 1333 4014 hec

246 4057 280 4098 re
311 4039 402 4098 sentit
432 4045 463 4098 ct
480 4040 608 4116 judicet:
651 4037 704 4099 ”Vi
726 4041 857 4100 bvnrben
878 4045 952 4118 vige
973 4044 1045 4100 eller
1067 4043 1166 4102 bunna
1187 4040 1336 4120 uppsttlle

246 4125 338 4198 nigra
358 4123 537 4200 hypotheses
557 4124 605 4184 till
625 4125 789 4202 ftrklering
810 4128 842 4184 st'
860 4126 896 4186 de
916 4127 1012 4204 gnmle
1026 4129 1150 4187 comiske
1162 4125 1334 4186 sknldernss

246 4206 374 4286 procedi.
419 4205 455 4266 Vi
486 4213 535 4267 tro
566 4214 612 4269 stt
643 4209 728 4268 derne
751 4231 850 4269 verser
871 4213 917 4270 fer
938 4214 992 4270 vdr
1012 4209 1057 4271 tid
1078 4216 1170 4272 miste
1190 4211 1267 4287 gitlls
1288 4212 1335 4270 fer
1360 4209 1368 4224 '

246 4290 465 4368 cregelbundun
496 4291 575 4352 innm
605 4293 642 4354 de
673 4301 806 4368 grenser,
838 4315 900 4354 som
932 4296 989 4354 den
1010 4293 1336 4357 methodiskt-kritisks

1275 4396 1294 4458 2
